symbol,timestamp,ask_exchange,ask_price,ask_size,bid_exchange,bid_price,bid_size,conditions,tape
IBM,2021-10-25 13:30:00.054091+00:00,V,134.2,1.0,V,121.56,1.0,['R'],A
IBM,2021-10-25 13:30:00.197703+00:00,V,134.2,1.0,V,121.56,1.0,['R'],A
IBM,2021-10-25 13:30:00.197803+00:00,V,134.2,1.0,V,121.56,1.0,['R'],A
IBM,2021-10-25 13:30:00.206448+00:00,V,134.2,1.0,V,127.52,1.0,['R'],A
IBM,2021-10-25 13:30:01.207808+00:00,V,134.2,1.0,V,127.52,1.0,['R'],A
IBM,2021-10-25 13:30:01.225345+00:00,V,134.2,1.0,V,121.56,1.0,['R'],A
IBM,2021-10-25 13:30:01.491533+00:00,V,134.2,1.0,V,127.52,1.0,['R'],A
IBM,2021-10-25 13:30:01.491558+00:00,V,134.2,1.0,V,127.52,3.0,['R'],A
IBM,2021-10-25 13:30:01.525920+00:00,V,134.2,1.0,V,127.53,1.0,['R'],A
IBM,2021-10-25 13:30:01.525965+00:00,V,134.2,1.0,V,127.53,3.0,['R'],A
IBM,2021-10-25 13:30:01.820060+00:00,V,134.2,1.0,V,127.55,1.0,['R'],A
IBM,2021-10-25 13:30:01.820115+00:00,V,134.2,1.0,V,127.55,3.0,['R'],A
IBM,2021-10-25 13:30:01.820156+00:00,V,134.2,1.0,V,127.59,1.0,['R'],A
IBM,2021-10-25 13:30:01.820196+00:00,V,134.2,1.0,V,127.59,3.0,['R'],A
IBM,2021-10-25 13:30:01.824686+00:00,V,134.2,1.0,V,127.54,3.0,['R'],A
IBM,2021-10-25 13:30:01.849922+00:00,V,134.2,1.0,V,127.54,1.0,['R'],A
IBM,2021-10-25 13:30:01.850438+00:00,V,134.2,1.0,V,127.54,3.0,['R'],A
IBM,2021-10-25 13:30:01.890729+00:00,V,134.2,1.0,V,127.55,2.0,['R'],A
IBM,2021-10-25 13:30:01.926945+00:00,V,134.2,1.0,V,127.55,2.0,['R'],A
IBM,2021-10-25 13:30:02.042059+00:00,V,134.2,1.0,V,127.55,2.0,['R'],A
IBM,2021-10-25 13:30:02.283368+00:00,V,134.2,1.0,V,127.55,2.0,['R'],A
IBM,2021-10-25 13:30:02.616229+00:00,V,134.2,1.0,V,127.55,2.0,['R'],A
IBM,2021-10-25 13:30:02.634102+00:00,V,127.74,1.0,V,127.55,2.0,['R'],A
IBM,2021-10-25 13:30:02.687709+00:00,V,127.74,1.0,V,127.55,2.0,['R'],A
IBM,2021-10-25 13:30:02.688271+00:00,V,134.2,1.0,V,127.55,2.0,['R'],A
IBM,2021-10-25 13:30:02.738901+00:00,V,134.2,1.0,V,127.55,2.0,['R'],A
IBM,2021-10-25 13:30:03.254578+00:00,V,132.0,1.0,V,127.55,2.0,['R'],A
IBM,2021-10-25 13:30:03.503281+00:00,V,132.0,1.0,V,127.55,2.0,['R'],A
IBM,2021-10-25 13:30:04.121910+00:00,V,132.0,1.0,V,127.56,2.0,['R'],A
IBM,2021-10-25 13:30:04.121974+00:00,V,132.0,1.0,V,127.56,2.0,['R'],A
IBM,2021-10-25 13:30:04.886445+00:00,V,132.0,1.0,V,127.57,2.0,['R'],A
IBM,2021-10-25 13:30:04.886505+00:00,V,132.0,1.0,V,127.58,2.0,['R'],A
IBM,2021-10-25 13:30:08.015086+00:00,V,132.0,1.0,V,121.56,1.0,['R'],A
IBM,2021-10-25 13:30:08.110193+00:00,V,132.0,1.0,V,121.56,1.0,['R'],A
IBM,2021-10-25 13:30:08.110463+00:00,V,132.0,1.0,V,127.59,2.0,['R'],A
IBM,2021-10-25 13:30:08.110809+00:00,V,132.0,1.0,V,121.56,1.0,['R'],A
IBM,2021-10-25 13:30:08.114979+00:00,V,127.76,1.0,V,121.56,1.0,['R'],A
IBM,2021-10-25 13:30:08.144545+00:00,V,127.77,1.0,V,121.56,1.0,['R'],A
IBM,2021-10-25 13:30:08.144901+00:00,V,132.0,1.0,V,121.56,1.0,['R'],A
IBM,2021-10-25 13:30:10.190401+00:00,V,132.0,1.0,V,127.66,1.0,['R'],A
IBM,2021-10-25 13:30:10.190422+00:00,V,132.0,1.0,V,127.66,3.0,['R'],A
IBM,2021-10-25 13:30:10.190471+00:00,V,132.0,1.0,V,127.67,1.0,['R'],A
IBM,2021-10-25 13:30:10.190571+00:00,V,132.0,1.0,V,127.67,3.0,['R'],A
IBM,2021-10-25 13:30:10.190666+00:00,V,132.0,1.0,V,127.68,1.0,['R'],A
IBM,2021-10-25 13:30:10.190761+00:00,V,132.0,1.0,V,127.68,3.0,['R'],A
IBM,2021-10-25 13:30:10.190807+00:00,V,132.0,1.0,V,127.7,1.0,['R'],A
IBM,2021-10-25 13:30:10.190832+00:00,V,132.0,1.0,V,127.7,3.0,['R'],A
IBM,2021-10-25 13:30:10.190872+00:00,V,132.0,1.0,V,127.73,1.0,['R'],A
IBM,2021-10-25 13:30:10.190897+00:00,V,132.0,1.0,V,127.73,3.0,['R'],A
IBM,2021-10-25 13:30:10.190932+00:00,V,132.0,1.0,V,127.74,1.0,['R'],A
IBM,2021-10-25 13:30:10.190983+00:00,V,132.0,1.0,V,127.74,3.0,['R'],A
IBM,2021-10-25 13:30:11.154786+00:00,V,132.0,1.0,V,127.76,1.0,['R'],A
IBM,2021-10-25 13:30:11.154821+00:00,V,132.0,1.0,V,127.76,3.0,['R'],A
IBM,2021-10-25 13:30:11.154906+00:00,V,132.0,1.0,V,127.78,1.0,['R'],A
IBM,2021-10-25 13:30:11.154927+00:00,V,132.0,1.0,V,127.78,3.0,['R'],A
IBM,2021-10-25 13:30:11.155007+00:00,V,132.0,1.0,V,127.79,1.0,['R'],A
IBM,2021-10-25 13:30:11.155122+00:00,V,132.0,1.0,V,127.79,3.0,['R'],A
IBM,2021-10-25 13:30:11.158194+00:00,V,132.0,1.0,V,127.78,3.0,['R'],A
IBM,2021-10-25 13:30:11.180026+00:00,V,132.0,1.0,V,127.78,1.0,['R'],A
IBM,2021-10-25 13:30:11.482356+00:00,V,132.0,1.0,V,127.78,1.0,['R'],A
IBM,2021-10-25 13:30:12.947804+00:00,V,132.0,1.0,V,127.79,1.0,['R'],A
IBM,2021-10-25 13:30:12.947909+00:00,V,132.0,1.0,V,127.8,1.0,['R'],A
IBM,2021-10-25 13:30:12.947950+00:00,V,132.0,1.0,V,127.8,3.0,['R'],A
IBM,2021-10-25 13:30:12.949267+00:00,V,132.0,1.0,V,127.81,1.0,['R'],A
IBM,2021-10-25 13:30:12.949287+00:00,V,132.0,1.0,V,127.81,3.0,['R'],A
IBM,2021-10-25 13:30:12.949338+00:00,V,132.0,1.0,V,127.82,1.0,['R'],A
IBM,2021-10-25 13:30:12.949408+00:00,V,132.0,1.0,V,127.82,3.0,['R'],A
IBM,2021-10-25 13:30:12.949864+00:00,V,132.0,1.0,V,127.82,3.0,['R'],A
IBM,2021-10-25 13:30:12.952365+00:00,V,128.0,2.0,V,127.82,3.0,['R'],A
IBM,2021-10-25 13:30:12.965275+00:00,V,128.0,2.0,V,127.88,1.0,['R'],A
IBM,2021-10-25 13:30:12.965351+00:00,V,128.0,2.0,V,127.88,3.0,['R'],A
IBM,2021-10-25 13:30:12.967696+00:00,V,132.0,1.0,V,127.88,3.0,['R'],A
IBM,2021-10-25 13:30:13.083528+00:00,V,132.0,1.0,V,127.88,3.0,['R'],A
IBM,2021-10-25 13:30:13.272136+00:00,V,132.0,1.0,V,127.89,1.0,['R'],A
IBM,2021-10-25 13:30:13.272197+00:00,V,132.0,1.0,V,127.89,1.0,['R'],A
IBM,2021-10-25 13:30:13.272207+00:00,V,132.0,1.0,V,127.89,3.0,['R'],A
IBM,2021-10-25 13:30:13.421046+00:00,V,132.0,1.0,V,121.56,1.0,['R'],A
IBM,2021-10-25 13:30:13.441460+00:00,V,132.0,1.0,V,121.56,1.0,['R'],A
IBM,2021-10-25 13:30:13.953394+00:00,V,128.0,2.0,V,121.56,1.0,['R'],A
IBM,2021-10-25 13:30:14.273516+00:00,V,128.0,2.0,V,127.85,2.0,['R'],A
IBM,2021-10-25 13:30:14.942287+00:00,V,132.0,1.0,V,127.85,2.0,['R'],A
IBM,2021-10-25 13:30:14.976258+00:00,V,128.0,1.0,V,127.85,2.0,['R'],A
IBM,2021-10-25 13:30:14.998576+00:00,V,128.0,1.0,V,127.84,2.0,['R'],A
IBM,2021-10-25 13:30:14.999128+00:00,V,128.0,1.0,V,121.56,1.0,['R'],A
IBM,2021-10-25 13:30:15.008440+00:00,V,132.0,1.0,V,121.56,1.0,['R'],A
IBM,2021-10-25 13:30:16.853829+00:00,V,132.0,1.0,V,127.88,2.0,['R'],A
IBM,2021-10-25 13:30:16.855172+00:00,V,132.0,1.0,V,127.87,2.0,['R'],A
IBM,2021-10-25 13:30:16.855343+00:00,V,132.0,1.0,V,121.56,1.0,['R'],A
IBM,2021-10-25 13:30:19.518751+00:00,V,128.0,1.0,V,121.56,1.0,['R'],A
IBM,2021-10-25 13:30:19.947583+00:00,V,128.0,3.0,V,121.56,1.0,['R'],A
IBM,2021-10-25 13:30:20.000523+00:00,V,127.94,1.0,V,121.56,1.0,['R'],A
IBM,2021-10-25 13:30:20.030585+00:00,V,128.0,2.0,V,121.56,1.0,['R'],A
IBM,2021-10-25 13:30:20.043521+00:00,V,127.99,1.0,V,121.56,1.0,['R'],A
IBM,2021-10-25 13:30:20.044017+00:00,V,127.99,3.0,V,121.56,1.0,['R'],A
IBM,2021-10-25 13:30:20.559725+00:00,V,127.92,1.0,V,121.56,1.0,['R'],A
IBM,2021-10-25 13:30:20.590483+00:00,V,132.0,1.0,V,121.56,1.0,['R'],A
IBM,2021-10-25 13:30:20.590528+00:00,V,127.99,2.0,V,121.56,1.0,['R'],A
IBM,2021-10-25 13:30:20.590949+00:00,V,127.99,3.0,V,121.56,1.0,['R'],A
IBM,2021-10-25 13:30:20.753531+00:00,V,127.98,1.0,V,121.56,1.0,['R'],A
IBM,2021-10-25 13:30:20.754038+00:00,V,127.98,3.0,V,121.56,1.0,['R'],A
IBM,2021-10-25 13:30:20.854121+00:00,V,127.97,1.0,V,121.56,1.0,['R'],A
IBM,2021-10-25 13:30:21.077522+00:00,V,127.97,3.0,V,121.56,1.0,['R'],A
IBM,2021-10-25 13:30:22.086630+00:00,V,127.97,1.0,V,121.56,1.0,['R'],A
IBM,2021-10-25 13:30:22.143143+00:00,V,132.0,1.0,V,121.56,1.0,['R'],A
IBM,2021-10-25 13:30:22.143640+00:00,V,128.0,1.0,V,121.56,1.0,['R'],A
IBM,2021-10-25 13:30:22.144051+00:00,V,127.99,1.0,V,121.56,1.0,['R'],A
IBM,2021-10-25 13:30:23.533579+00:00,V,132.0,1.0,V,121.56,1.0,['R'],A
IBM,2021-10-25 13:30:23.534577+00:00,V,128.0,1.0,V,121.56,1.0,['R'],A
IBM,2021-10-25 13:30:25.588376+00:00,V,132.0,1.0,V,121.56,1.0,['R'],A
IBM,2021-10-25 13:30:25.588827+00:00,V,127.99,1.0,V,121.56,1.0,['R'],A
IBM,2021-10-25 13:30:25.689963+00:00,V,132.0,1.0,V,121.56,1.0,['R'],A
IBM,2021-10-25 13:30:28.772576+00:00,V,127.99,1.0,V,121.56,1.0,['R'],A
IBM,2021-10-25 13:30:28.772631+00:00,V,127.99,1.0,V,127.83,2.0,['R'],A
IBM,2021-10-25 13:30:28.772937+00:00,V,127.99,1.0,V,121.56,1.0,['R'],A
IBM,2021-10-25 13:30:31.092099+00:00,V,132.0,1.0,V,121.56,1.0,['R'],A
IBM,2021-10-25 13:30:31.159133+00:00,V,127.99,1.0,V,121.56,1.0,['R'],A
IBM,2021-10-25 13:30:32.015176+00:00,V,127.98,1.0,V,121.56,1.0,['R'],A
IBM,2021-10-25 13:30:32.781219+00:00,V,132.0,1.0,V,121.56,1.0,['R'],A
IBM,2021-10-25 13:30:34.279491+00:00,V,127.99,1.0,V,121.56,1.0,['R'],A
IBM,2021-10-25 13:30:41.983877+00:00,V,132.0,1.0,V,121.56,1.0,['R'],A
IBM,2021-10-25 13:30:58.916018+00:00,V,127.99,1.0,V,121.56,1.0,['R'],A
IBM,2021-10-25 13:30:58.917497+00:00,V,127.97,1.0,V,121.56,1.0,['R'],A
IBM,2021-10-25 13:30:58.919637+00:00,V,127.99,1.0,V,121.56,1.0,['R'],A
IBM,2021-10-25 13:30:58.919738+00:00,V,132.0,1.0,V,121.56,1.0,['R'],A
IBM,2021-10-25 13:30:58.920253+00:00,V,132.0,1.0,V,127.86,1.0,['R'],A
IBM,2021-10-25 13:30:58.920368+00:00,V,132.0,1.0,V,121.56,1.0,['R'],A
IBM,2021-10-25 13:30:58.925080+00:00,V,132.0,1.0,V,121.56,1.0,['R'],A
IBM,2021-10-25 13:30:58.930302+00:00,V,132.0,1.0,V,121.56,1.0,['R'],A
IBM,2021-10-25 13:30:59.672825+00:00,V,132.0,1.0,V,121.56,1.0,['R'],A
IBM,2021-10-25 13:30:59.673568+00:00,V,132.0,1.0,V,127.94,2.0,['R'],A
IBM,2021-10-25 13:30:59.673587+00:00,V,132.0,1.0,V,127.94,3.0,['R'],A
IBM,2021-10-25 13:30:59.676419+00:00,V,132.0,1.0,V,127.94,3.0,['R'],A
IBM,2021-10-25 13:31:00.017526+00:00,V,132.0,1.0,V,127.94,3.0,['R'],A
IBM,2021-10-25 13:31:00.848063+00:00,V,132.0,1.0,V,127.94,3.0,['R'],A
IBM,2021-10-25 13:31:01.471603+00:00,V,132.0,1.0,V,127.93,3.0,['R'],A
IBM,2021-10-25 13:31:01.472168+00:00,V,132.0,1.0,V,127.93,5.0,['R'],A
IBM,2021-10-25 13:31:01.472234+00:00,V,132.0,1.0,V,127.93,3.0,['R'],A
IBM,2021-10-25 13:31:01.472289+00:00,V,132.0,1.0,V,127.93,1.0,['R'],A
IBM,2021-10-25 13:31:01.472349+00:00,V,132.0,1.0,V,121.56,1.0,['R'],A
IBM,2021-10-25 13:31:01.472459+00:00,V,128.08,2.0,V,121.56,1.0,['R'],A
IBM,2021-10-25 13:31:01.472519+00:00,V,132.0,1.0,V,121.56,1.0,['R'],A
IBM,2021-10-25 13:31:03.375114+00:00,V,132.0,1.0,V,127.95,2.0,['R'],A
IBM,2021-10-25 13:31:04.107051+00:00,V,132.0,1.0,V,121.56,1.0,['R'],A
IBM,2021-10-25 13:31:04.107406+00:00,V,128.03,1.0,V,121.56,1.0,['R'],A
IBM,2021-10-25 13:31:04.107757+00:00,V,128.03,2.0,V,121.56,1.0,['R'],A
IBM,2021-10-25 13:31:04.107817+00:00,V,128.0,1.0,V,121.56,1.0,['R'],A
IBM,2021-10-25 13:31:04.107887+00:00,V,128.0,3.0,V,121.56,1.0,['R'],A
IBM,2021-10-25 13:31:04.108128+00:00,V,128.0,1.0,V,121.56,1.0,['R'],A
IBM,2021-10-25 13:31:04.137693+00:00,V,128.0,3.0,V,121.56,1.0,['R'],A
IBM,2021-10-25 13:31:04.137748+00:00,V,127.99,1.0,V,121.56,1.0,['R'],A
IBM,2021-10-25 13:31:04.138054+00:00,V,132.0,1.0,V,121.56,1.0,['R'],A
IBM,2021-10-25 13:31:04.138245+00:00,V,127.98,1.0,V,121.56,1.0,['R'],A
IBM,2021-10-25 13:31:04.143868+00:00,V,127.98,3.0,V,121.56,1.0,['R'],A
IBM,2021-10-25 13:31:04.646213+00:00,V,127.98,1.0,V,121.56,1.0,['R'],A
IBM,2021-10-25 13:31:04.736999+00:00,V,127.98,3.0,V,121.56,1.0,['R'],A
IBM,2021-10-25 13:31:05.170632+00:00,V,127.98,2.0,V,121.56,1.0,['R'],A
IBM,2021-10-25 13:31:05.170657+00:00,V,132.0,1.0,V,121.56,1.0,['R'],A
IBM,2021-10-25 13:31:05.171138+00:00,V,127.98,1.0,V,121.56,1.0,['R'],A
IBM,2021-10-25 13:31:05.234368+00:00,V,127.98,3.0,V,121.56,1.0,['R'],A
IBM,2021-10-25 13:31:05.588346+00:00,V,127.94,1.0,V,121.56,1.0,['R'],A
IBM,2021-10-25 13:31:05.588592+00:00,V,132.0,1.0,V,121.56,1.0,['R'],A
IBM,2021-10-25 13:31:05.589344+00:00,V,127.91,2.0,V,121.56,1.0,['R'],A
IBM,2021-10-25 13:31:05.589364+00:00,V,127.91,3.0,V,121.56,1.0,['R'],A
IBM,2021-10-25 13:31:05.589419+00:00,V,127.89,1.0,V,121.56,1.0,['R'],A
IBM,2021-10-25 13:31:05.589770+00:00,V,127.93,1.0,V,121.56,1.0,['R'],A
IBM,2021-10-25 13:31:05.589920+00:00,V,127.93,3.0,V,121.56,1.0,['R'],A
IBM,2021-10-25 13:31:05.589990+00:00,V,127.93,1.0,V,121.56,1.0,['R'],A
IBM,2021-10-25 13:31:05.590487+00:00,V,127.93,3.0,V,121.56,1.0,['R'],A
IBM,2021-10-25 13:31:05.591003+00:00,V,127.93,3.0,V,127.82,2.0,['R'],A
IBM,2021-10-25 13:31:05.591123+00:00,V,127.93,3.0,V,121.56,1.0,['R'],A
IBM,2021-10-25 13:31:05.765404+00:00,V,127.93,1.0,V,121.56,1.0,['R'],A
IBM,2021-10-25 13:31:05.765488+00:00,V,127.88,1.0,V,121.56,1.0,['R'],A
IBM,2021-10-25 13:31:06.608476+00:00,V,127.87,1.0,V,121.56,1.0,['R'],A
IBM,2021-10-25 13:31:06.608871+00:00,V,132.0,1.0,V,121.56,1.0,['R'],A
IBM,2021-10-25 13:31:06.609057+00:00,V,127.86,2.0,V,121.56,1.0,['R'],A
IBM,2021-10-25 13:31:06.609088+00:00,V,127.86,3.0,V,121.56,1.0,['R'],A
IBM,2021-10-25 13:31:06.609322+00:00,V,127.86,2.0,V,121.56,1.0,['R'],A
IBM,2021-10-25 13:31:06.609362+00:00,V,132.0,1.0,V,121.56,1.0,['R'],A
IBM,2021-10-25 13:31:06.609568+00:00,V,127.88,2.0,V,121.56,1.0,['R'],A
IBM,2021-10-25 13:31:06.620840+00:00,V,132.0,1.0,V,121.56,1.0,['R'],A
IBM,2021-10-25 13:31:07.652556+00:00,V,127.87,1.0,V,121.56,1.0,['R'],A
IBM,2021-10-25 13:31:07.652596+00:00,V,127.87,3.0,V,121.56,1.0,['R'],A
IBM,2021-10-25 13:31:07.652667+00:00,V,127.86,1.0,V,121.56,1.0,['R'],A
IBM,2021-10-25 13:31:07.653203+00:00,V,127.86,3.0,V,121.56,1.0,['R'],A
IBM,2021-10-25 13:31:07.669131+00:00,V,127.79,1.0,V,121.56,1.0,['R'],A
IBM,2021-10-25 13:31:07.669221+00:00,V,127.86,2.0,V,121.56,1.0,['R'],A
IBM,2021-10-25 13:31:07.669782+00:00,V,127.8,1.0,V,121.56,1.0,['R'],A
IBM,2021-10-25 13:31:07.699528+00:00,V,127.86,2.0,V,121.56,1.0,['R'],A
IBM,2021-10-25 13:31:07.700030+00:00,V,127.84,1.0,V,121.56,1.0,['R'],A
IBM,2021-10-25 13:31:08.170645+00:00,V,127.81,1.0,V,121.56,1.0,['R'],A
IBM,2021-10-25 13:31:08.171077+00:00,V,127.81,1.0,V,127.73,2.0,['R'],A
IBM,2021-10-25 13:31:08.171091+00:00,V,127.81,3.0,V,127.73,2.0,['R'],A
IBM,2021-10-25 13:31:08.793543+00:00,V,127.8,1.0,V,127.73,2.0,['R'],A
IBM,2021-10-25 13:31:08.794074+00:00,V,127.8,3.0,V,127.73,2.0,['R'],A
IBM,2021-10-25 13:31:08.826321+00:00,V,127.8,3.0,V,121.56,1.0,['R'],A
IBM,2021-10-25 13:31:08.826922+00:00,V,127.79,1.0,V,121.56,1.0,['R'],A
IBM,2021-10-25 13:31:08.827408+00:00,V,132.0,1.0,V,121.56,1.0,['R'],A
IBM,2021-10-25 13:31:08.827433+00:00,V,127.78,1.0,V,121.56,1.0,['R'],A
IBM,2021-10-25 13:31:08.827448+00:00,V,127.78,3.0,V,121.56,1.0,['R'],A
IBM,2021-10-25 13:31:08.854242+00:00,V,127.76,1.0,V,121.56,1.0,['R'],A
IBM,2021-10-25 13:31:08.854778+00:00,V,127.76,3.0,V,121.56,1.0,['R'],A
IBM,2021-10-25 13:31:09.180609+00:00,V,127.76,1.0,V,121.56,1.0,['R'],A
IBM,2021-10-25 13:31:09.648188+00:00,V,127.76,3.0,V,121.56,1.0,['R'],A
IBM,2021-10-25 13:31:09.651130+00:00,V,127.75,1.0,V,121.56,1.0,['R'],A
IBM,2021-10-25 13:31:09.651630+00:00,V,127.75,3.0,V,121.56,1.0,['R'],A
IBM,2021-10-25 13:31:09.831303+00:00,V,127.81,3.0,V,121.56,1.0,['R'],A
IBM,2021-10-25 13:31:10.282742+00:00,V,127.73,1.0,V,121.56,1.0,['R'],A
IBM,2021-10-25 13:31:10.301722+00:00,V,127.72,1.0,V,121.56,1.0,['R'],A
IBM,2021-10-25 13:31:10.302163+00:00,V,132.0,1.0,V,121.56,1.0,['R'],A
IBM,2021-10-25 13:31:11.542395+00:00,V,132.0,1.0,V,127.65,1.0,['R'],A
IBM,2021-10-25 13:31:11.548300+00:00,V,132.0,1.0,V,121.56,1.0,['R'],A
IBM,2021-10-25 13:31:11.578431+00:00,V,127.73,2.0,V,121.56,1.0,['R'],A
IBM,2021-10-25 13:31:11.578471+00:00,V,127.73,3.0,V,121.56,1.0,['R'],A
IBM,2021-10-25 13:31:11.578552+00:00,V,127.71,1.0,V,121.56,1.0,['R'],A
IBM,2021-10-25 13:31:11.578847+00:00,V,132.0,1.0,V,121.56,1.0,['R'],A
IBM,2021-10-25 13:31:11.579053+00:00,V,127.7,1.0,V,121.56,1.0,['R'],A
IBM,2021-10-25 13:31:11.579068+00:00,V,127.7,3.0,V,121.56,1.0,['R'],A
IBM,2021-10-25 13:31:11.835047+00:00,V,127.69,1.0,V,121.56,1.0,['R'],A
IBM,2021-10-25 13:31:11.835585+00:00,V,127.69,3.0,V,121.56,1.0,['R'],A
IBM,2021-10-25 13:31:11.931357+00:00,V,127.66,1.0,V,121.56,1.0,['R'],A
IBM,2021-10-25 13:31:11.931998+00:00,V,127.66,3.0,V,121.56,1.0,['R'],A
IBM,2021-10-25 13:31:11.932179+00:00,V,127.65,1.0,V,121.56,1.0,['R'],A
IBM,2021-10-25 13:31:11.932279+00:00,V,132.0,1.0,V,121.56,1.0,['R'],A
IBM,2021-10-25 13:31:11.932690+00:00,V,127.64,1.0,V,121.56,1.0,['R'],A
IBM,2021-10-25 13:31:12.099878+00:00,V,127.65,2.0,V,121.56,1.0,['R'],A
IBM,2021-10-25 13:31:12.099913+00:00,V,132.0,1.0,V,121.56,1.0,['R'],A
IBM,2021-10-25 13:31:12.100410+00:00,V,127.67,1.0,V,121.56,1.0,['R'],A
IBM,2021-10-25 13:31:12.100615+00:00,V,132.0,1.0,V,121.56,1.0,['R'],A
IBM,2021-10-25 13:31:12.101112+00:00,V,127.69,1.0,V,121.56,1.0,['R'],A
IBM,2021-10-25 13:31:12.298341+00:00,V,132.0,1.0,V,121.56,1.0,['R'],A
IBM,2021-10-25 13:31:12.543790+00:00,V,132.0,1.0,V,127.57,2.0,['R'],A
IBM,2021-10-25 13:31:12.850886+00:00,V,132.0,1.0,V,121.56,1.0,['R'],A
IBM,2021-10-25 13:31:13.543805+00:00,V,132.0,1.0,V,127.58,2.0,['R'],A
IBM,2021-10-25 13:31:15.044562+00:00,V,132.0,1.0,V,121.56,1.0,['R'],A
IBM,2021-10-25 13:31:15.093614+00:00,V,127.73,1.0,V,121.56,1.0,['R'],A
IBM,2021-10-25 13:31:17.407269+00:00,V,127.73,3.0,V,121.56,1.0,['R'],A
IBM,2021-10-25 13:31:17.407329+00:00,V,127.73,5.0,V,121.56,1.0,['R'],A
IBM,2021-10-25 13:31:17.407900+00:00,V,127.73,3.0,V,121.56,1.0,['R'],A
IBM,2021-10-25 13:31:17.408192+00:00,V,127.73,3.0,V,127.58,2.0,['R'],A
IBM,2021-10-25 13:31:17.411659+00:00,V,127.67,1.0,V,127.58,2.0,['R'],A
IBM,2021-10-25 13:31:17.413053+00:00,V,127.67,1.0,V,127.58,2.0,['R'],A
IBM,2021-10-25 13:31:17.413208+00:00,V,127.67,1.0,V,127.57,2.0,['R'],A
IBM,2021-10-25 13:31:17.413594+00:00,V,127.67,1.0,V,127.57,2.0,['R'],A
IBM,2021-10-25 13:31:17.413679+00:00,V,127.67,1.0,V,121.56,1.0,['R'],A
IBM,2021-10-25 13:31:17.941040+00:00,V,127.67,3.0,V,121.56,1.0,['R'],A
IBM,2021-10-25 13:31:18.719903+00:00,V,127.67,1.0,V,121.56,1.0,['R'],A
IBM,2021-10-25 13:31:18.720490+00:00,V,132.0,1.0,V,121.56,1.0,['R'],A
IBM,2021-10-25 13:31:18.720539+00:00,V,127.73,2.0,V,121.56,1.0,['R'],A
IBM,2021-10-25 13:31:18.720630+00:00,V,127.73,2.0,V,127.58,1.0,['R'],A
IBM,2021-10-25 13:31:18.720760+00:00,V,127.73,2.0,V,121.56,1.0,['R'],A
IBM,2021-10-25 13:31:18.720965+00:00,V,127.73,3.0,V,121.56,1.0,['R'],A
IBM,2021-10-25 13:31:18.726789+00:00,V,127.72,1.0,V,121.56,1.0,['R'],A
IBM,2021-10-25 13:31:18.726864+00:00,V,132.0,1.0,V,121.56,1.0,['R'],A
IBM,2021-10-25 13:31:18.727301+00:00,V,127.67,1.0,V,121.56,1.0,['R'],A
IBM,2021-10-25 13:31:18.727315+00:00,V,127.67,3.0,V,121.56,1.0,['R'],A
IBM,2021-10-25 13:31:18.727822+00:00,V,127.68,3.0,V,121.56,1.0,['R'],A
IBM,2021-10-25 13:31:19.721131+00:00,V,127.68,3.0,V,127.55,2.0,['R'],A
IBM,2021-10-25 13:31:20.436769+00:00,V,127.68,3.0,V,121.56,1.0,['R'],A
IBM,2021-10-25 13:31:20.721663+00:00,V,127.68,3.0,V,127.55,2.0,['R'],A
IBM,2021-10-25 13:31:21.296762+00:00,V,127.68,1.0,V,127.55,2.0,['R'],A
IBM,2021-10-25 13:31:21.297098+00:00,V,127.66,1.0,V,127.55,2.0,['R'],A
IBM,2021-10-25 13:31:21.297293+00:00,V,127.66,1.0,V,121.56,1.0,['R'],A
IBM,2021-10-25 13:31:21.353908+00:00,V,127.66,3.0,V,121.56,1.0,['R'],A
IBM,2021-10-25 13:31:21.353933+00:00,V,127.63,1.0,V,121.56,1.0,['R'],A
IBM,2021-10-25 13:31:21.367185+00:00,V,127.62,1.0,V,121.56,1.0,['R'],A
IBM,2021-10-25 13:31:21.520555+00:00,V,127.62,3.0,V,121.56,1.0,['R'],A
IBM,2021-10-25 13:31:21.521081+00:00,V,127.62,1.0,V,121.56,1.0,['R'],A
IBM,2021-10-25 13:31:21.543389+00:00,V,127.62,3.0,V,121.56,1.0,['R'],A
IBM,2021-10-25 13:31:21.783495+00:00,V,127.61,1.0,V,121.56,1.0,['R'],A
IBM,2021-10-25 13:31:21.783808+00:00,V,127.61,1.0,V,127.53,1.0,['R'],A
IBM,2021-10-25 13:31:21.783852+00:00,V,127.61,1.0,V,121.56,1.0,['R'],A
IBM,2021-10-25 13:31:22.111145+00:00,V,127.6,1.0,V,121.56,1.0,['R'],A
IBM,2021-10-25 13:31:22.535957+00:00,V,127.62,2.0,V,121.56,1.0,['R'],A
IBM,2021-10-25 13:31:22.547299+00:00,V,127.67,2.0,V,121.56,1.0,['R'],A
IBM,2021-10-25 13:31:22.547810+00:00,V,127.67,3.0,V,121.56,1.0,['R'],A
IBM,2021-10-25 13:31:22.548231+00:00,V,127.67,1.0,V,121.56,1.0,['R'],A
IBM,2021-10-25 13:31:22.548718+00:00,V,127.67,3.0,V,121.56,1.0,['R'],A
IBM,2021-10-25 13:31:22.832348+00:00,V,127.67,3.0,V,127.54,2.0,['R'],A
IBM,2021-10-25 13:31:22.832929+00:00,V,127.67,3.0,V,121.56,1.0,['R'],A
IBM,2021-10-25 13:31:23.724452+00:00,V,127.64,1.0,V,121.56,1.0,['R'],A
IBM,2021-10-25 13:31:23.724822+00:00,V,132.0,1.0,V,121.56,1.0,['R'],A
IBM,2021-10-25 13:31:23.724983+00:00,V,127.67,2.0,V,121.56,1.0,['R'],A
IBM,2021-10-25 13:31:23.725203+00:00,V,132.0,1.0,V,121.56,1.0,['R'],A
IBM,2021-10-25 13:31:24.156680+00:00,V,132.0,1.0,V,127.53,2.0,['R'],A
IBM,2021-10-25 13:31:24.157542+00:00,V,132.0,1.0,V,121.56,1.0,['R'],A
IBM,2021-10-25 13:31:25.768902+00:00,V,132.0,1.0,V,127.52,2.0,['R'],A
IBM,2021-10-25 13:31:25.768942+00:00,V,132.0,1.0,V,121.56,1.0,['R'],A
IBM,2021-10-25 13:31:27.185128+00:00,V,127.61,1.0,V,121.56,1.0,['R'],A
IBM,2021-10-25 13:31:27.185163+00:00,V,127.61,1.0,V,127.53,2.0,['R'],A
IBM,2021-10-25 13:31:27.185228+00:00,V,127.61,1.0,V,121.56,1.0,['R'],A
IBM,2021-10-25 13:31:29.843432+00:00,V,132.0,1.0,V,121.56,1.0,['R'],A
IBM,2021-10-25 13:31:29.843472+00:00,V,132.0,1.0,V,127.53,1.0,['R'],A
IBM,2021-10-25 13:31:29.843983+00:00,V,132.0,1.0,V,121.56,1.0,['R'],A
IBM,2021-10-25 13:31:32.669180+00:00,V,132.0,1.0,V,127.55,1.0,['R'],A
IBM,2021-10-25 13:31:32.669571+00:00,V,132.0,1.0,V,121.56,1.0,['R'],A
IBM,2021-10-25 13:31:35.043803+00:00,V,127.64,1.0,V,121.56,1.0,['R'],A
IBM,2021-10-25 13:31:35.043823+00:00,V,127.64,3.0,V,121.56,1.0,['R'],A
IBM,2021-10-25 13:31:35.043868+00:00,V,127.6,1.0,V,121.56,1.0,['R'],A
IBM,2021-10-25 13:31:35.044179+00:00,V,132.0,1.0,V,121.56,1.0,['R'],A
IBM,2021-10-25 13:31:35.044209+00:00,V,127.64,2.0,V,121.56,1.0,['R'],A
IBM,2021-10-25 13:31:35.044244+00:00,V,127.65,2.0,V,121.56,1.0,['R'],A
IBM,2021-10-25 13:31:35.044354+00:00,V,127.65,3.0,V,121.56,1.0,['R'],A
IBM,2021-10-25 13:31:35.044650+00:00,V,127.65,4.0,V,121.56,1.0,['R'],A
IBM,2021-10-25 13:31:35.044665+00:00,V,127.65,3.0,V,121.56,1.0,['R'],A
IBM,2021-10-25 13:31:35.045066+00:00,V,127.65,1.0,V,121.56,1.0,['R'],A
IBM,2021-10-25 13:31:35.045156+00:00,V,127.65,1.0,V,127.51,2.0,['R'],A
IBM,2021-10-25 13:31:35.045256+00:00,V,127.65,1.0,V,121.56,1.0,['R'],A
IBM,2021-10-25 13:31:35.074782+00:00,V,132.0,1.0,V,121.56,1.0,['R'],A
IBM,2021-10-25 13:31:35.074807+00:00,V,127.64,2.0,V,121.56,1.0,['R'],A
IBM,2021-10-25 13:31:35.075248+00:00,V,127.64,3.0,V,121.56,1.0,['R'],A
IBM,2021-10-25 13:31:36.104057+00:00,V,127.64,3.0,V,127.51,1.0,['R'],A
IBM,2021-10-25 13:31:36.162621+00:00,V,127.64,3.0,V,121.56,1.0,['R'],A
IBM,2021-10-25 13:31:37.932289+00:00,V,127.64,3.0,V,127.51,2.0,['R'],A
IBM,2021-10-25 13:31:37.932710+00:00,V,127.64,3.0,V,121.56,1.0,['R'],A
IBM,2021-10-25 13:31:38.044686+00:00,V,127.64,2.0,V,121.56,1.0,['R'],A
IBM,2021-10-25 13:31:38.048276+00:00,V,132.0,1.0,V,121.56,1.0,['R'],A
IBM,2021-10-25 13:31:39.099501+00:00,V,132.0,1.0,V,127.51,1.0,['R'],A
IBM,2021-10-25 13:31:39.624903+00:00,V,132.0,1.0,V,121.56,1.0,['R'],A
IBM,2021-10-25 13:31:40.035771+00:00,V,127.58,1.0,V,121.56,1.0,['R'],A
IBM,2021-10-25 13:31:40.035781+00:00,V,127.58,3.0,V,121.56,1.0,['R'],A
IBM,2021-10-25 13:31:40.314851+00:00,V,127.58,3.0,V,127.51,1.0,['R'],A
IBM,2021-10-25 13:31:40.671620+00:00,V,127.58,3.0,V,121.56,1.0,['R'],A
IBM,2021-10-25 13:31:41.316855+00:00,V,127.58,3.0,V,127.51,2.0,['R'],A
IBM,2021-10-25 13:31:41.539430+00:00,V,127.58,3.0,V,121.56,1.0,['R'],A
IBM,2021-10-25 13:31:42.388848+00:00,V,127.57,1.0,V,121.56,1.0,['R'],A
IBM,2021-10-25 13:31:42.388968+00:00,V,132.0,1.0,V,121.56,1.0,['R'],A
IBM,2021-10-25 13:31:42.389389+00:00,V,127.54,1.0,V,121.56,1.0,['R'],A
IBM,2021-10-25 13:31:42.389434+00:00,V,132.0,1.0,V,121.56,1.0,['R'],A
IBM,2021-10-25 13:31:42.389459+00:00,V,127.53,1.0,V,121.56,1.0,['R'],A
IBM,2021-10-25 13:31:42.389559+00:00,V,132.0,1.0,V,121.56,1.0,['R'],A
IBM,2021-10-25 13:31:42.389729+00:00,V,127.53,2.0,V,121.56,1.0,['R'],A
IBM,2021-10-25 13:31:42.390050+00:00,V,127.53,3.0,V,121.56,1.0,['R'],A
IBM,2021-10-25 13:31:42.399623+00:00,V,127.52,1.0,V,121.56,1.0,['R'],A
IBM,2021-10-25 13:31:42.400139+00:00,V,127.52,3.0,V,121.56,1.0,['R'],A
IBM,2021-10-25 13:31:42.419170+00:00,V,127.53,3.0,V,121.56,1.0,['R'],A
IBM,2021-10-25 13:31:42.420282+00:00,V,127.53,3.0,V,127.45,2.0,['R'],A
IBM,2021-10-25 13:31:42.481337+00:00,V,127.53,3.0,V,121.56,1.0,['R'],A
IBM,2021-10-25 13:31:42.546107+00:00,V,127.51,1.0,V,121.56,1.0,['R'],A
IBM,2021-10-25 13:31:42.546377+00:00,V,132.0,1.0,V,121.56,1.0,['R'],A
IBM,2021-10-25 13:31:42.546613+00:00,V,127.51,2.0,V,121.56,1.0,['R'],A
IBM,2021-10-25 13:31:42.546833+00:00,V,127.48,1.0,V,121.56,1.0,['R'],A
IBM,2021-10-25 13:31:42.547736+00:00,V,127.49,1.0,V,121.56,1.0,['R'],A
IBM,2021-10-25 13:31:43.489818+00:00,V,127.49,1.0,V,127.41,2.0,['R'],A
IBM,2021-10-25 13:31:43.820756+00:00,V,127.49,1.0,V,127.41,2.0,['R'],A
IBM,2021-10-25 13:31:44.866445+00:00,V,132.0,1.0,V,127.41,2.0,['R'],A
IBM,2021-10-25 13:31:46.093256+00:00,V,132.0,1.0,V,121.56,1.0,['R'],A
IBM,2021-10-25 13:31:46.106346+00:00,V,127.51,2.0,V,121.56,1.0,['R'],A
IBM,2021-10-25 13:31:46.110647+00:00,V,132.0,1.0,V,121.56,1.0,['R'],A
IBM,2021-10-25 13:31:46.127903+00:00,V,127.44,1.0,V,121.56,1.0,['R'],A
IBM,2021-10-25 13:31:46.127923+00:00,V,127.44,3.0,V,121.56,1.0,['R'],A
IBM,2021-10-25 13:31:46.127983+00:00,V,127.43,1.0,V,121.56,1.0,['R'],A
IBM,2021-10-25 13:31:46.128053+00:00,V,132.0,1.0,V,121.56,1.0,['R'],A
IBM,2021-10-25 13:31:46.128489+00:00,V,127.42,1.0,V,121.56,1.0,['R'],A
IBM,2021-10-25 13:31:46.365448+00:00,V,127.41,1.0,V,121.56,1.0,['R'],A
IBM,2021-10-25 13:31:46.847136+00:00,V,127.41,3.0,V,121.56,1.0,['R'],A
IBM,2021-10-25 13:31:46.918796+00:00,V,127.38,1.0,V,121.56,1.0,['R'],A
IBM,2021-10-25 13:31:48.985431+00:00,V,127.37,1.0,V,121.56,1.0,['R'],A
IBM,2021-10-25 13:31:48.985813+00:00,V,127.37,3.0,V,121.56,1.0,['R'],A
IBM,2021-10-25 13:31:48.985963+00:00,V,127.37,2.0,V,121.56,1.0,['R'],A
IBM,2021-10-25 13:31:48.985988+00:00,V,132.0,1.0,V,121.56,1.0,['R'],A
IBM,2021-10-25 13:31:48.986028+00:00,V,127.36,1.0,V,121.56,1.0,['R'],A
IBM,2021-10-25 13:31:48.986459+00:00,V,127.36,3.0,V,121.56,1.0,['R'],A
IBM,2021-10-25 13:31:48.986539+00:00,V,127.38,3.0,V,121.56,1.0,['R'],A
IBM,2021-10-25 13:31:49.000973+00:00,V,127.38,3.0,V,127.29,2.0,['R'],A
IBM,2021-10-25 13:31:49.004171+00:00,V,127.38,3.0,V,127.28,2.0,['R'],A
IBM,2021-10-25 13:31:49.004567+00:00,V,127.34,1.0,V,127.28,2.0,['R'],A
IBM,2021-10-25 13:31:49.004878+00:00,V,127.34,1.0,V,121.56,1.0,['R'],A
IBM,2021-10-25 13:31:49.006757+00:00,V,127.33,1.0,V,121.56,1.0,['R'],A
IBM,2021-10-25 13:31:49.043344+00:00,V,127.31,1.0,V,121.56,1.0,['R'],A
IBM,2021-10-25 13:31:49.067968+00:00,V,127.38,2.0,V,121.56,1.0,['R'],A
IBM,2021-10-25 13:31:49.069506+00:00,V,127.33,1.0,V,121.56,1.0,['R'],A
IBM,2021-10-25 13:31:49.069547+00:00,V,127.38,2.0,V,121.56,1.0,['R'],A
IBM,2021-10-25 13:31:49.070048+00:00,V,127.36,1.0,V,121.56,1.0,['R'],A
IBM,2021-10-25 13:31:49.153912+00:00,V,127.37,1.0,V,121.56,1.0,['R'],A
IBM,2021-10-25 13:31:49.627831+00:00,V,127.36,2.0,V,121.56,1.0,['R'],A
IBM,2021-10-25 13:31:50.119620+00:00,V,132.0,1.0,V,121.56,1.0,['R'],A
IBM,2021-10-25 13:31:50.119776+00:00,V,132.0,1.0,V,127.29,1.0,['R'],A
IBM,2021-10-25 13:31:50.120097+00:00,V,127.36,1.0,V,127.29,1.0,['R'],A
IBM,2021-10-25 13:31:50.120252+00:00,V,127.36,1.0,V,121.56,1.0,['R'],A
IBM,2021-10-25 13:31:50.170913+00:00,V,127.36,1.0,V,127.25,1.0,['R'],A
IBM,2021-10-25 13:31:50.171709+00:00,V,127.36,3.0,V,127.25,1.0,['R'],A
IBM,2021-10-25 13:31:52.373131+00:00,V,127.36,3.0,V,127.27,1.0,['R'],A
IBM,2021-10-25 13:31:52.373160+00:00,V,127.36,1.0,V,127.27,1.0,['R'],A
IBM,2021-10-25 13:31:52.373771+00:00,V,127.36,1.0,V,127.28,1.0,['R'],A
IBM,2021-10-25 13:31:52.633065+00:00,V,127.36,1.0,V,127.28,1.0,['R'],A
IBM,2021-10-25 13:31:52.633540+00:00,V,127.36,1.0,V,127.28,3.0,['R'],A
IBM,2021-10-25 13:31:52.634126+00:00,V,127.36,1.0,V,127.28,3.0,['R'],A
IBM,2021-10-25 13:31:52.634462+00:00,V,127.36,1.0,V,127.28,2.0,['R'],A
IBM,2021-10-25 13:31:52.634507+00:00,V,127.36,1.0,V,121.56,1.0,['R'],A
IBM,2021-10-25 13:31:53.729418+00:00,V,127.36,1.0,V,127.3,1.0,['R'],A
IBM,2021-10-25 13:31:53.729443+00:00,V,132.0,1.0,V,127.3,1.0,['R'],A
IBM,2021-10-25 13:31:54.334158+00:00,V,132.0,1.0,V,121.56,1.0,['R'],A
IBM,2021-10-25 13:31:54.541372+00:00,V,132.0,1.0,V,127.3,1.0,['R'],A
IBM,2021-10-25 13:31:54.541396+00:00,V,132.0,1.0,V,127.3,3.0,['R'],A
IBM,2021-10-25 13:31:54.541496+00:00,V,132.0,1.0,V,127.3,5.0,['R'],A
IBM,2021-10-25 13:31:54.541601+00:00,V,132.0,1.0,V,127.3,3.0,['R'],A
IBM,2021-10-25 13:31:54.541787+00:00,V,132.0,1.0,V,127.31,1.0,['R'],A
IBM,2021-10-25 13:31:54.541882+00:00,V,127.41,2.0,V,127.31,1.0,['R'],A
IBM,2021-10-25 13:31:54.541932+00:00,V,132.0,1.0,V,127.31,1.0,['R'],A
IBM,2021-10-25 13:31:54.542133+00:00,V,132.0,1.0,V,127.34,1.0,['R'],A
IBM,2021-10-25 13:31:54.542198+00:00,V,132.0,1.0,V,127.34,3.0,['R'],A
IBM,2021-10-25 13:31:54.542348+00:00,V,132.0,1.0,V,127.35,1.0,['R'],A
IBM,2021-10-25 13:31:54.542549+00:00,V,127.42,1.0,V,127.35,1.0,['R'],A
IBM,2021-10-25 13:31:54.543055+00:00,V,127.42,1.0,V,127.34,3.0,['R'],A
IBM,2021-10-25 13:31:54.544157+00:00,V,132.0,1.0,V,127.34,3.0,['R'],A
IBM,2021-10-25 13:31:55.049280+00:00,V,132.0,1.0,V,127.35,2.0,['R'],A
IBM,2021-10-25 13:31:55.810273+00:00,V,132.0,1.0,V,127.34,1.0,['R'],A
IBM,2021-10-25 13:31:55.824547+00:00,V,132.0,1.0,V,127.34,3.0,['R'],A
IBM,2021-10-25 13:31:59.186956+00:00,V,132.0,1.0,V,127.35,2.0,['R'],A
IBM,2021-10-25 13:31:59.192895+00:00,V,132.0,1.0,V,127.34,1.0,['R'],A
IBM,2021-10-25 13:31:59.193867+00:00,V,132.0,1.0,V,127.34,3.0,['R'],A
IBM,2021-10-25 13:31:59.242503+00:00,V,132.0,1.0,V,127.34,1.0,['R'],A
IBM,2021-10-25 13:31:59.576814+00:00,V,132.0,1.0,V,127.36,1.0,['R'],A
IBM,2021-10-25 13:32:00.026811+00:00,V,132.0,1.0,V,127.36,3.0,['R'],A
IBM,2021-10-25 13:32:00.026911+00:00,V,132.0,1.0,V,127.37,1.0,['R'],A
IBM,2021-10-25 13:32:00.026946+00:00,V,132.0,1.0,V,127.37,3.0,['R'],A
IBM,2021-10-25 13:32:00.026996+00:00,V,132.0,1.0,V,127.38,1.0,['R'],A
IBM,2021-10-25 13:32:00.027051+00:00,V,132.0,1.0,V,127.38,3.0,['R'],A
IBM,2021-10-25 13:32:00.027126+00:00,V,132.0,1.0,V,127.39,1.0,['R'],A
IBM,2021-10-25 13:32:00.027302+00:00,V,132.0,1.0,V,127.39,3.0,['R'],A
IBM,2021-10-25 13:32:00.027517+00:00,V,132.0,1.0,V,127.4,1.0,['R'],A
IBM,2021-10-25 13:32:00.027542+00:00,V,132.0,1.0,V,127.4,3.0,['R'],A
IBM,2021-10-25 13:32:00.027878+00:00,V,132.0,1.0,V,127.41,1.0,['R'],A
IBM,2021-10-25 13:32:00.027898+00:00,V,132.0,1.0,V,127.41,3.0,['R'],A
IBM,2021-10-25 13:32:00.027943+00:00,V,132.0,1.0,V,127.42,1.0,['R'],A
IBM,2021-10-25 13:32:00.028234+00:00,V,132.0,1.0,V,127.4,3.0,['R'],A
IBM,2021-10-25 13:32:00.133846+00:00,V,132.0,1.0,V,127.4,2.0,['R'],A
IBM,2021-10-25 13:32:00.133886+00:00,V,132.0,1.0,V,121.56,1.0,['R'],A
IBM,2021-10-25 13:32:00.134512+00:00,V,132.0,1.0,V,127.41,1.0,['R'],A
IBM,2021-10-25 13:32:01.198008+00:00,V,132.0,1.0,V,121.56,1.0,['R'],A
IBM,2021-10-25 13:32:01.199532+00:00,V,132.0,1.0,V,127.41,1.0,['R'],A
IBM,2021-10-25 13:32:01.199561+00:00,V,132.0,1.0,V,127.41,3.0,['R'],A
IBM,2021-10-25 13:32:01.199642+00:00,V,132.0,1.0,V,127.42,1.0,['R'],A
IBM,2021-10-25 13:32:01.199687+00:00,V,132.0,1.0,V,127.42,3.0,['R'],A
IBM,2021-10-25 13:32:01.199732+00:00,V,132.0,1.0,V,127.43,1.0,['R'],A
IBM,2021-10-25 13:32:01.199772+00:00,V,132.0,1.0,V,127.43,3.0,['R'],A
IBM,2021-10-25 13:32:01.202704+00:00,V,127.49,1.0,V,127.43,3.0,['R'],A
IBM,2021-10-25 13:32:01.202729+00:00,V,132.0,1.0,V,127.43,3.0,['R'],A
IBM,2021-10-25 13:32:01.243587+00:00,V,132.0,1.0,V,127.43,1.0,['R'],A
IBM,2021-10-25 13:32:01.859772+00:00,V,132.0,1.0,V,121.56,1.0,['R'],A
IBM,2021-10-25 13:32:02.114663+00:00,V,132.0,1.0,V,127.43,1.0,['R'],A
IBM,2021-10-25 13:32:02.114683+00:00,V,132.0,1.0,V,127.43,3.0,['R'],A
IBM,2021-10-25 13:32:02.114824+00:00,V,132.0,1.0,V,127.44,1.0,['R'],A
IBM,2021-10-25 13:32:02.114849+00:00,V,132.0,1.0,V,127.44,3.0,['R'],A
IBM,2021-10-25 13:32:02.114974+00:00,V,132.0,1.0,V,127.46,1.0,['R'],A
IBM,2021-10-25 13:32:02.115070+00:00,V,132.0,1.0,V,127.44,2.0,['R'],A
IBM,2021-10-25 13:32:02.115099+00:00,V,132.0,1.0,V,121.56,1.0,['R'],A
IBM,2021-10-25 13:32:04.473331+00:00,V,132.0,1.0,V,127.44,1.0,['R'],A
IBM,2021-10-25 13:32:04.509191+00:00,V,132.0,1.0,V,121.56,1.0,['R'],A
IBM,2021-10-25 13:32:04.876666+00:00,V,132.0,1.0,V,127.44,1.0,['R'],A
IBM,2021-10-25 13:32:06.719026+00:00,V,132.0,1.0,V,127.45,1.0,['R'],A
IBM,2021-10-25 13:32:06.719652+00:00,V,132.0,1.0,V,127.46,1.0,['R'],A
IBM,2021-10-25 13:32:06.720028+00:00,V,132.0,1.0,V,127.45,1.0,['R'],A
IBM,2021-10-25 13:32:06.768052+00:00,V,132.0,1.0,V,127.44,1.0,['R'],A
IBM,2021-10-25 13:32:07.190753+00:00,V,132.0,1.0,V,127.47,1.0,['R'],A
IBM,2021-10-25 13:32:07.190853+00:00,V,132.0,1.0,V,127.47,3.0,['R'],A
IBM,2021-10-25 13:32:07.191013+00:00,V,132.0,1.0,V,127.47,1.0,['R'],A
IBM,2021-10-25 13:32:07.192312+00:00,V,132.0,1.0,V,127.48,1.0,['R'],A
IBM,2021-10-25 13:32:07.200210+00:00,V,127.63,2.0,V,127.48,1.0,['R'],A
IBM,2021-10-25 13:32:07.200456+00:00,V,132.0,1.0,V,127.48,1.0,['R'],A
IBM,2021-10-25 13:32:07.200812+00:00,V,132.0,1.0,V,127.47,1.0,['R'],A
IBM,2021-10-25 13:32:07.646769+00:00,V,132.0,1.0,V,127.47,1.0,['R'],A
IBM,2021-10-25 13:32:07.649946+00:00,V,127.6,1.0,V,127.47,1.0,['R'],A
IBM,2021-10-25 13:32:07.649971+00:00,V,127.6,1.0,V,121.56,1.0,['R'],A
IBM,2021-10-25 13:32:07.650006+00:00,V,127.6,3.0,V,121.56,1.0,['R'],A
IBM,2021-10-25 13:32:07.650072+00:00,V,127.6,2.0,V,121.56,1.0,['R'],A
IBM,2021-10-25 13:32:07.650212+00:00,V,132.0,1.0,V,121.56,1.0,['R'],A
IBM,2021-10-25 13:32:07.650578+00:00,V,127.55,1.0,V,121.56,1.0,['R'],A
IBM,2021-10-25 13:32:07.651440+00:00,V,127.55,3.0,V,121.56,1.0,['R'],A
IBM,2021-10-25 13:32:07.652317+00:00,V,127.55,2.0,V,121.56,1.0,['R'],A
IBM,2021-10-25 13:32:07.652347+00:00,V,132.0,1.0,V,121.56,1.0,['R'],A
IBM,2021-10-25 13:32:07.652828+00:00,V,127.51,1.0,V,121.56,1.0,['R'],A
IBM,2021-10-25 13:32:07.652848+00:00,V,127.51,3.0,V,121.56,1.0,['R'],A
IBM,2021-10-25 13:32:07.667884+00:00,V,127.51,2.0,V,121.56,1.0,['R'],A
IBM,2021-10-25 13:32:07.667924+00:00,V,132.0,1.0,V,121.56,1.0,['R'],A
IBM,2021-10-25 13:32:08.168747+00:00,V,127.5,1.0,V,121.56,1.0,['R'],A
IBM,2021-10-25 13:32:08.168766+00:00,V,127.5,3.0,V,121.56,1.0,['R'],A
IBM,2021-10-25 13:32:08.168892+00:00,V,127.5,2.0,V,121.56,1.0,['R'],A
IBM,2021-10-25 13:32:08.168913+00:00,V,132.0,1.0,V,121.56,1.0,['R'],A
IBM,2021-10-25 13:32:08.286021+00:00,V,132.0,1.0,V,127.37,2.0,['R'],A
IBM,2021-10-25 13:32:08.329980+00:00,V,132.0,1.0,V,121.56,1.0,['R'],A
IBM,2021-10-25 13:32:08.646579+00:00,V,132.0,1.0,V,121.56,1.0,['R'],A
IBM,2021-10-25 13:32:09.647006+00:00,V,132.0,1.0,V,121.56,1.0,['R'],A
IBM,2021-10-25 13:32:10.071437+00:00,V,132.0,1.0,V,127.42,2.0,['R'],A
IBM,2021-10-25 13:32:10.071773+00:00,V,132.0,1.0,V,121.56,1.0,['R'],A
IBM,2021-10-25 13:32:10.161807+00:00,V,127.6,1.0,V,121.56,1.0,['R'],A
IBM,2021-10-25 13:32:10.161837+00:00,V,132.0,1.0,V,121.56,1.0,['R'],A
IBM,2021-10-25 13:32:10.646306+00:00,V,132.0,1.0,V,121.56,1.0,['R'],A
IBM,2021-10-25 13:32:11.163507+00:00,V,132.0,1.0,V,127.44,1.0,['R'],A
IBM,2021-10-25 13:32:11.172759+00:00,V,132.0,1.0,V,121.56,1.0,['R'],A
IBM,2021-10-25 13:32:17.664027+00:00,V,127.6,2.0,V,121.56,1.0,['R'],A
IBM,2021-10-25 13:32:17.664517+00:00,V,132.0,1.0,V,121.56,1.0,['R'],A
IBM,2021-10-25 13:32:24.211869+00:00,V,132.0,1.0,V,127.43,1.0,['R'],A
IBM,2021-10-25 13:32:24.211944+00:00,V,132.0,1.0,V,121.56,1.0,['R'],A
IBM,2021-10-25 13:32:29.167330+00:00,V,127.47,1.0,V,121.56,1.0,['R'],A
IBM,2021-10-25 13:32:29.167355+00:00,V,127.47,3.0,V,121.56,1.0,['R'],A
IBM,2021-10-25 13:32:29.167550+00:00,V,127.47,1.0,V,121.56,1.0,['R'],A
IBM,2021-10-25 13:32:29.197271+00:00,V,132.0,1.0,V,121.56,1.0,['R'],A
IBM,2021-10-25 13:32:29.197296+00:00,V,127.52,2.0,V,121.56,1.0,['R'],A
IBM,2021-10-25 13:32:29.197336+00:00,V,132.0,1.0,V,121.56,1.0,['R'],A
IBM,2021-10-25 13:32:29.197772+00:00,V,127.48,1.0,V,121.56,1.0,['R'],A
IBM,2021-10-25 13:32:29.197797+00:00,V,127.48,3.0,V,121.56,1.0,['R'],A
IBM,2021-10-25 13:32:29.293264+00:00,V,127.48,2.0,V,121.56,1.0,['R'],A
IBM,2021-10-25 13:32:29.293766+00:00,V,127.47,1.0,V,121.56,1.0,['R'],A
IBM,2021-10-25 13:32:29.305082+00:00,V,127.48,2.0,V,121.56,1.0,['R'],A
IBM,2021-10-25 13:32:29.305107+00:00,V,132.0,1.0,V,121.56,1.0,['R'],A
IBM,2021-10-25 13:32:29.305609+00:00,V,127.52,1.0,V,121.56,1.0,['R'],A
IBM,2021-10-25 13:32:29.305624+00:00,V,127.52,3.0,V,121.56,1.0,['R'],A
IBM,2021-10-25 13:32:29.898531+00:00,V,127.52,2.0,V,121.56,1.0,['R'],A
IBM,2021-10-25 13:32:29.898576+00:00,V,132.0,1.0,V,121.56,1.0,['R'],A
IBM,2021-10-25 13:32:29.899032+00:00,V,127.5,1.0,V,121.56,1.0,['R'],A
IBM,2021-10-25 13:32:29.899107+00:00,V,127.5,3.0,V,121.56,1.0,['R'],A
IBM,2021-10-25 13:32:30.080764+00:00,V,127.5,2.0,V,121.56,1.0,['R'],A
IBM,2021-10-25 13:32:30.081235+00:00,V,127.5,2.0,V,121.56,1.0,['R'],A
IBM,2021-10-25 13:32:30.854467+00:00,V,127.5,2.0,V,121.56,1.0,['R'],A
IBM,2021-10-25 13:32:30.854492+00:00,V,132.0,1.0,V,121.56,1.0,['R'],A
IBM,2021-10-25 13:32:30.854978+00:00,V,127.49,2.0,V,121.56,1.0,['R'],A
IBM,2021-10-25 13:32:30.891034+00:00,V,127.49,2.0,V,121.56,1.0,['R'],A
IBM,2021-10-25 13:32:30.891058+00:00,V,132.0,1.0,V,121.56,1.0,['R'],A
IBM,2021-10-25 13:32:30.891540+00:00,V,132.0,1.0,V,121.56,1.0,['R'],A
IBM,2021-10-25 13:32:30.891555+00:00,V,127.47,2.0,V,121.56,1.0,['R'],A
IBM,2021-10-25 13:32:30.892667+00:00,V,127.47,2.0,V,121.56,1.0,['R'],A
IBM,2021-10-25 13:32:30.892698+00:00,V,132.0,1.0,V,121.56,1.0,['R'],A
IBM,2021-10-25 13:32:30.893164+00:00,V,132.0,1.0,V,121.56,1.0,['R'],A
IBM,2021-10-25 13:32:30.893194+00:00,V,127.46,2.0,V,121.56,1.0,['R'],A
IBM,2021-10-25 13:32:31.585136+00:00,V,127.46,2.0,V,121.56,1.0,['R'],A
IBM,2021-10-25 13:32:31.585171+00:00,V,132.0,1.0,V,121.56,1.0,['R'],A
IBM,2021-10-25 13:32:31.585682+00:00,V,132.0,1.0,V,121.56,1.0,['R'],A
IBM,2021-10-25 13:32:31.650161+00:00,V,132.0,1.0,V,121.56,1.0,['R'],A
IBM,2021-10-25 13:32:31.650216+00:00,V,127.44,2.0,V,121.56,1.0,['R'],A
IBM,2021-10-25 13:32:31.650311+00:00,V,132.0,1.0,V,121.56,1.0,['R'],A
IBM,2021-10-25 13:32:31.650648+00:00,V,132.0,1.0,V,121.56,1.0,['R'],A
IBM,2021-10-25 13:32:32.306193+00:00,V,132.0,1.0,V,121.56,1.0,['R'],A
IBM,2021-10-25 13:32:32.306779+00:00,V,127.44,1.0,V,121.56,1.0,['R'],A
IBM,2021-10-25 13:32:32.336169+00:00,V,127.45,1.0,V,121.56,1.0,['R'],A
IBM,2021-10-25 13:32:32.336525+00:00,V,132.0,1.0,V,121.56,1.0,['R'],A
IBM,2021-10-25 13:32:33.917043+00:00,V,132.0,1.0,V,121.56,1.0,['R'],A
IBM,2021-10-25 13:32:33.917062+00:00,V,127.44,2.0,V,121.56,1.0,['R'],A
IBM,2021-10-25 13:32:33.917438+00:00,V,127.44,2.0,V,121.56,1.0,['R'],A
IBM,2021-10-25 13:32:33.917463+00:00,V,127.47,1.0,V,121.56,1.0,['R'],A
IBM,2021-10-25 13:32:33.917573+00:00,V,132.0,1.0,V,121.56,1.0,['R'],A
IBM,2021-10-25 13:32:33.933070+00:00,V,127.39,2.0,V,121.56,1.0,['R'],A
IBM,2021-10-25 13:32:33.933115+00:00,V,127.39,2.0,V,121.56,1.0,['R'],A
IBM,2021-10-25 13:32:33.933427+00:00,V,127.39,2.0,V,121.56,1.0,['R'],A
IBM,2021-10-25 13:32:33.933451+00:00,V,132.0,1.0,V,121.56,1.0,['R'],A
IBM,2021-10-25 13:32:33.933922+00:00,V,132.0,1.0,V,121.56,1.0,['R'],A
IBM,2021-10-25 13:32:33.933927+00:00,V,127.38,2.0,V,121.56,1.0,['R'],A
IBM,2021-10-25 13:32:33.941526+00:00,V,127.39,2.0,V,121.56,1.0,['R'],A
IBM,2021-10-25 13:32:33.996125+00:00,V,132.0,1.0,V,121.56,1.0,['R'],A
IBM,2021-10-25 13:32:33.996481+00:00,V,132.0,1.0,V,127.3,2.0,['R'],A
IBM,2021-10-25 13:32:33.996592+00:00,V,132.0,1.0,V,121.56,1.0,['R'],A
IBM,2021-10-25 13:32:34.027089+00:00,V,132.0,1.0,V,121.56,1.0,['R'],A
IBM,2021-10-25 13:32:34.649921+00:00,V,132.0,1.0,V,121.56,1.0,['R'],A
IBM,2021-10-25 13:32:34.999698+00:00,V,132.0,1.0,V,127.3,1.0,['R'],A
IBM,2021-10-25 13:32:35.203022+00:00,V,127.44,2.0,V,127.3,1.0,['R'],A
IBM,2021-10-25 13:32:35.204997+00:00,V,127.45,2.0,V,127.3,1.0,['R'],A
IBM,2021-10-25 13:32:35.205428+00:00,V,132.0,1.0,V,127.3,1.0,['R'],A
IBM,2021-10-25 13:32:35.957834+00:00,V,132.0,1.0,V,121.56,1.0,['R'],A
IBM,2021-10-25 13:32:36.047157+00:00,V,132.0,1.0,V,127.3,2.0,['R'],A
IBM,2021-10-25 13:32:36.054349+00:00,V,132.0,1.0,V,121.56,1.0,['R'],A
IBM,2021-10-25 13:32:38.695000+00:00,V,132.0,1.0,V,127.4,1.0,['R'],A
IBM,2021-10-25 13:32:38.695075+00:00,V,132.0,1.0,V,121.56,1.0,['R'],A
IBM,2021-10-25 13:32:38.900464+00:00,V,127.54,1.0,V,121.56,1.0,['R'],A
IBM,2021-10-25 13:32:39.029116+00:00,V,132.0,1.0,V,121.56,1.0,['R'],A
IBM,2021-10-25 13:32:39.716437+00:00,V,132.0,1.0,V,127.42,1.0,['R'],A
IBM,2021-10-25 13:32:40.211817+00:00,V,132.0,1.0,V,121.56,1.0,['R'],A
IBM,2021-10-25 13:32:41.682629+00:00,V,132.0,1.0,V,127.42,2.0,['R'],A
IBM,2021-10-25 13:32:41.686057+00:00,V,132.0,1.0,V,121.56,1.0,['R'],A
IBM,2021-10-25 13:32:42.821730+00:00,V,132.0,1.0,V,121.56,1.0,['R'],A
IBM,2021-10-25 13:32:42.821756+00:00,V,127.47,2.0,V,121.56,1.0,['R'],A
IBM,2021-10-25 13:32:42.821895+00:00,V,127.47,2.0,V,121.56,1.0,['R'],A
IBM,2021-10-25 13:32:42.822100+00:00,V,127.5,1.0,V,121.56,1.0,['R'],A
IBM,2021-10-25 13:32:42.822326+00:00,V,132.0,1.0,V,121.56,1.0,['R'],A
IBM,2021-10-25 13:32:42.824035+00:00,V,132.0,1.0,V,121.56,1.0,['R'],A
IBM,2021-10-25 13:32:42.824541+00:00,V,132.0,1.0,V,127.32,2.0,['R'],A
IBM,2021-10-25 13:32:42.824566+00:00,V,132.0,1.0,V,121.56,1.0,['R'],A
IBM,2021-10-25 13:32:42.930754+00:00,V,127.41,2.0,V,121.56,1.0,['R'],A
IBM,2021-10-25 13:32:43.267390+00:00,V,132.0,1.0,V,121.56,1.0,['R'],A
IBM,2021-10-25 13:32:43.827554+00:00,V,127.48,2.0,V,121.56,1.0,['R'],A
IBM,2021-10-25 13:32:43.828156+00:00,V,127.48,2.0,V,121.56,1.0,['R'],A
IBM,2021-10-25 13:32:43.828191+00:00,V,132.0,1.0,V,121.56,1.0,['R'],A
IBM,2021-10-25 13:32:43.828677+00:00,V,132.0,1.0,V,121.56,1.0,['R'],A
IBM,2021-10-25 13:32:43.828692+00:00,V,127.48,2.0,V,121.56,1.0,['R'],A
IBM,2021-10-25 13:32:43.829243+00:00,V,127.48,2.0,V,127.33,2.0,['R'],A
IBM,2021-10-25 13:32:43.829288+00:00,V,127.48,2.0,V,121.56,1.0,['R'],A
IBM,2021-10-25 13:32:43.922160+00:00,V,132.0,1.0,V,121.56,1.0,['R'],A
IBM,2021-10-25 13:32:43.999624+00:00,V,127.45,2.0,V,121.56,1.0,['R'],A
IBM,2021-10-25 13:32:44.306670+00:00,V,127.45,2.0,V,121.56,1.0,['R'],A
IBM,2021-10-25 13:32:44.472444+00:00,V,132.0,1.0,V,121.56,1.0,['R'],A
IBM,2021-10-25 13:32:44.472540+00:00,V,132.0,1.0,V,121.56,1.0,['R'],A
IBM,2021-10-25 13:32:44.472936+00:00,V,127.41,2.0,V,121.56,1.0,['R'],A
IBM,2021-10-25 13:32:44.473026+00:00,V,127.41,2.0,V,121.56,1.0,['R'],A
IBM,2021-10-25 13:32:44.556495+00:00,V,127.41,2.0,V,121.56,1.0,['R'],A
IBM,2021-10-25 13:32:44.556725+00:00,V,132.0,1.0,V,121.56,1.0,['R'],A
IBM,2021-10-25 13:32:44.557006+00:00,V,132.0,1.0,V,121.56,1.0,['R'],A
IBM,2021-10-25 13:32:44.565686+00:00,V,127.41,2.0,V,121.56,1.0,['R'],A
IBM,2021-10-25 13:32:44.571080+00:00,V,127.41,2.0,V,121.56,1.0,['R'],A
IBM,2021-10-25 13:32:44.829930+00:00,V,127.41,2.0,V,127.3,2.0,['R'],A
IBM,2021-10-25 13:32:44.830972+00:00,V,127.41,2.0,V,121.56,1.0,['R'],A
IBM,2021-10-25 13:32:45.005257+00:00,V,127.41,2.0,V,121.56,1.0,['R'],A
IBM,2021-10-25 13:32:45.007407+00:00,V,127.41,2.0,V,121.56,1.0,['R'],A
IBM,2021-10-25 13:32:45.009527+00:00,V,127.41,2.0,V,121.56,1.0,['R'],A
IBM,2021-10-25 13:32:45.015977+00:00,V,132.0,1.0,V,121.56,1.0,['R'],A
IBM,2021-10-25 13:32:45.016454+00:00,V,127.4,2.0,V,121.56,1.0,['R'],A
IBM,2021-10-25 13:32:45.831579+00:00,V,127.4,2.0,V,127.3,2.0,['R'],A
IBM,2021-10-25 13:32:46.009809+00:00,V,127.41,2.0,V,127.3,2.0,['R'],A
IBM,2021-10-25 13:32:46.010380+00:00,V,127.41,2.0,V,127.3,2.0,['R'],A
IBM,2021-10-25 13:32:46.233462+00:00,V,127.41,2.0,V,127.3,2.0,['R'],A
IBM,2021-10-25 13:32:47.839169+00:00,V,127.41,2.0,V,121.56,1.0,['R'],A
IBM,2021-10-25 13:32:47.839986+00:00,V,127.41,2.0,V,121.56,1.0,['R'],A
IBM,2021-10-25 13:32:47.840016+00:00,V,132.0,1.0,V,121.56,1.0,['R'],A
IBM,2021-10-25 13:32:47.840467+00:00,V,132.0,1.0,V,121.56,1.0,['R'],A
IBM,2021-10-25 13:32:47.840502+00:00,V,127.39,2.0,V,121.56,1.0,['R'],A
IBM,2021-10-25 13:32:47.869111+00:00,V,127.41,2.0,V,121.56,1.0,['R'],A
IBM,2021-10-25 13:32:48.383500+00:00,V,127.41,2.0,V,127.3,1.0,['R'],A
IBM,2021-10-25 13:32:48.384658+00:00,V,127.41,2.0,V,121.56,1.0,['R'],A
IBM,2021-10-25 13:32:48.807876+00:00,V,127.42,2.0,V,121.56,1.0,['R'],A
IBM,2021-10-25 13:32:49.390192+00:00,V,132.0,1.0,V,121.56,1.0,['R'],A
IBM,2021-10-25 13:32:49.390578+00:00,V,132.0,1.0,V,127.3,1.0,['R'],A
IBM,2021-10-25 13:32:49.390683+00:00,V,127.41,2.0,V,127.3,1.0,['R'],A
IBM,2021-10-25 13:32:49.391595+00:00,V,127.41,2.0,V,121.56,1.0,['R'],A
IBM,2021-10-25 13:32:49.575303+00:00,V,132.0,1.0,V,121.56,1.0,['R'],A
IBM,2021-10-25 13:32:53.394930+00:00,V,132.0,1.0,V,127.33,1.0,['R'],A
IBM,2021-10-25 13:32:55.418772+00:00,V,132.0,1.0,V,121.56,1.0,['R'],A
IBM,2021-10-25 13:32:56.757063+00:00,V,132.0,1.0,V,127.33,1.0,['R'],A
IBM,2021-10-25 13:32:58.211486+00:00,V,132.0,1.0,V,127.32,1.0,['R'],A
IBM,2021-10-25 13:32:58.212012+00:00,V,132.0,1.0,V,121.56,1.0,['R'],A
IBM,2021-10-25 13:32:58.212068+00:00,V,127.42,1.0,V,121.56,1.0,['R'],A
IBM,2021-10-25 13:32:58.213510+00:00,V,132.0,1.0,V,121.56,1.0,['R'],A
IBM,2021-10-25 13:32:58.242239+00:00,V,132.0,1.0,V,127.33,1.0,['R'],A
IBM,2021-10-25 13:32:59.095801+00:00,V,132.0,1.0,V,127.32,1.0,['R'],A
IBM,2021-10-25 13:32:59.096207+00:00,V,132.0,1.0,V,121.56,1.0,['R'],A
IBM,2021-10-25 13:33:00.074987+00:00,V,132.0,1.0,V,127.34,1.0,['R'],A
IBM,2021-10-25 13:33:02.627549+00:00,V,132.0,1.0,V,121.56,1.0,['R'],A
IBM,2021-10-25 13:33:02.687802+00:00,V,132.0,1.0,V,121.56,1.0,['R'],A
IBM,2021-10-25 13:33:02.687827+00:00,V,127.42,2.0,V,121.56,1.0,['R'],A
IBM,2021-10-25 13:33:03.333254+00:00,V,127.42,2.0,V,121.56,1.0,['R'],A
IBM,2021-10-25 13:33:03.333328+00:00,V,132.0,1.0,V,121.56,1.0,['R'],A
IBM,2021-10-25 13:33:03.333890+00:00,V,132.0,1.0,V,121.56,1.0,['R'],A
IBM,2021-10-25 13:33:03.334085+00:00,V,127.42,2.0,V,121.56,1.0,['R'],A
IBM,2021-10-25 13:33:03.334135+00:00,V,132.0,1.0,V,121.56,1.0,['R'],A
IBM,2021-10-25 13:33:03.334436+00:00,V,132.0,1.0,V,127.28,2.0,['R'],A
IBM,2021-10-25 13:33:03.334476+00:00,V,127.36,2.0,V,127.28,2.0,['R'],A
IBM,2021-10-25 13:33:03.334501+00:00,V,127.36,2.0,V,121.56,1.0,['R'],A
IBM,2021-10-25 13:33:03.334647+00:00,V,127.36,2.0,V,121.56,1.0,['R'],A
IBM,2021-10-25 13:33:03.334858+00:00,V,132.0,1.0,V,121.56,1.0,['R'],A
IBM,2021-10-25 13:33:03.335133+00:00,V,132.0,1.0,V,121.56,1.0,['R'],A
IBM,2021-10-25 13:33:03.335333+00:00,V,127.34,2.0,V,121.56,1.0,['R'],A
IBM,2021-10-25 13:33:03.406728+00:00,V,132.0,1.0,V,121.56,1.0,['R'],A
IBM,2021-10-25 13:33:03.407199+00:00,V,127.35,2.0,V,121.56,1.0,['R'],A
IBM,2021-10-25 13:33:03.772809+00:00,V,127.35,2.0,V,121.56,1.0,['R'],A
IBM,2021-10-25 13:33:03.773281+00:00,V,127.35,2.0,V,121.56,1.0,['R'],A
IBM,2021-10-25 13:33:03.783861+00:00,V,132.0,1.0,V,121.56,1.0,['R'],A
IBM,2021-10-25 13:33:03.784011+00:00,V,132.0,1.0,V,121.56,1.0,['R'],A
IBM,2021-10-25 13:33:03.784473+00:00,V,127.29,2.0,V,121.56,1.0,['R'],A
IBM,2021-10-25 13:33:03.784502+00:00,V,127.29,2.0,V,121.56,1.0,['R'],A
IBM,2021-10-25 13:33:03.823756+00:00,V,132.0,1.0,V,121.56,1.0,['R'],A
IBM,2021-10-25 13:33:03.824327+00:00,V,127.32,2.0,V,121.56,1.0,['R'],A
IBM,2021-10-25 13:33:03.831389+00:00,V,127.32,2.0,V,121.56,1.0,['R'],A
IBM,2021-10-25 13:33:04.285670+00:00,V,127.32,2.0,V,121.56,1.0,['R'],A
IBM,2021-10-25 13:33:04.285695+00:00,V,132.0,1.0,V,121.56,1.0,['R'],A
IBM,2021-10-25 13:33:04.285715+00:00,V,132.0,1.0,V,121.56,1.0,['R'],A
IBM,2021-10-25 13:33:04.286182+00:00,V,127.28,2.0,V,121.56,1.0,['R'],A
IBM,2021-10-25 13:33:04.286191+00:00,V,127.28,2.0,V,121.56,1.0,['R'],A
IBM,2021-10-25 13:33:04.315787+00:00,V,132.0,1.0,V,121.56,1.0,['R'],A
IBM,2021-10-25 13:33:04.316388+00:00,V,127.3,2.0,V,121.56,1.0,['R'],A
IBM,2021-10-25 13:33:04.316413+00:00,V,127.3,2.0,V,121.56,1.0,['R'],A
IBM,2021-10-25 13:33:04.547123+00:00,V,127.3,2.0,V,127.21,2.0,['R'],A
IBM,2021-10-25 13:33:04.549348+00:00,V,127.3,2.0,V,121.56,1.0,['R'],A
IBM,2021-10-25 13:33:04.787811+00:00,V,127.33,2.0,V,121.56,1.0,['R'],A
IBM,2021-10-25 13:33:04.788427+00:00,V,127.33,2.0,V,121.56,1.0,['R'],A
IBM,2021-10-25 13:33:04.793655+00:00,V,127.33,2.0,V,121.56,1.0,['R'],A
IBM,2021-10-25 13:33:04.794141+00:00,V,127.33,2.0,V,121.56,1.0,['R'],A
IBM,2021-10-25 13:33:04.794281+00:00,V,127.26,1.0,V,121.56,1.0,['R'],A
IBM,2021-10-25 13:33:04.823636+00:00,V,127.27,1.0,V,121.56,1.0,['R'],A
IBM,2021-10-25 13:33:04.823862+00:00,V,127.33,2.0,V,121.56,1.0,['R'],A
IBM,2021-10-25 13:33:04.866153+00:00,V,127.33,2.0,V,121.56,1.0,['R'],A
IBM,2021-10-25 13:33:04.866628+00:00,V,127.33,2.0,V,121.56,1.0,['R'],A
IBM,2021-10-25 13:33:05.550066+00:00,V,127.33,2.0,V,127.18,2.0,['R'],A
IBM,2021-10-25 13:33:05.562971+00:00,V,127.33,2.0,V,121.56,1.0,['R'],A
IBM,2021-10-25 13:33:05.798662+00:00,V,132.0,1.0,V,121.56,1.0,['R'],A
IBM,2021-10-25 13:33:05.898680+00:00,V,127.3,2.0,V,121.56,1.0,['R'],A
IBM,2021-10-25 13:33:05.898760+00:00,V,127.3,2.0,V,121.56,1.0,['R'],A
IBM,2021-10-25 13:33:05.898880+00:00,V,132.0,1.0,V,121.56,1.0,['R'],A
IBM,2021-10-25 13:33:05.899246+00:00,V,132.0,1.0,V,121.56,1.0,['R'],A
IBM,2021-10-25 13:33:05.899347+00:00,V,127.29,2.0,V,121.56,1.0,['R'],A
IBM,2021-10-25 13:33:06.683368+00:00,V,127.29,2.0,V,121.56,1.0,['R'],A
IBM,2021-10-25 13:33:06.683398+00:00,V,132.0,1.0,V,121.56,1.0,['R'],A
IBM,2021-10-25 13:33:06.683854+00:00,V,132.0,1.0,V,121.56,1.0,['R'],A
IBM,2021-10-25 13:33:06.684015+00:00,V,127.23,2.0,V,121.56,1.0,['R'],A
IBM,2021-10-25 13:33:06.694656+00:00,V,127.23,2.0,V,127.15,2.0,['R'],A
IBM,2021-10-25 13:33:06.713895+00:00,V,132.0,1.0,V,127.15,2.0,['R'],A
IBM,2021-10-25 13:33:06.714387+00:00,V,127.25,2.0,V,127.15,2.0,['R'],A
IBM,2021-10-25 13:33:06.769242+00:00,V,127.25,2.0,V,127.15,2.0,['R'],A
IBM,2021-10-25 13:33:06.769744+00:00,V,127.25,2.0,V,127.15,2.0,['R'],A
IBM,2021-10-25 13:33:06.804587+00:00,V,127.26,2.0,V,127.15,2.0,['R'],A
IBM,2021-10-25 13:33:06.989086+00:00,V,132.0,1.0,V,127.15,2.0,['R'],A
IBM,2021-10-25 13:33:06.989572+00:00,V,132.0,1.0,V,121.56,1.0,['R'],A
IBM,2021-10-25 13:33:07.590347+00:00,V,132.0,1.0,V,121.56,1.0,['R'],A
IBM,2021-10-25 13:33:07.590368+00:00,V,127.28,2.0,V,121.56,1.0,['R'],A
IBM,2021-10-25 13:33:07.590403+00:00,V,127.28,2.0,V,121.56,1.0,['R'],A
IBM,2021-10-25 13:33:07.590423+00:00,V,132.0,1.0,V,121.56,1.0,['R'],A
IBM,2021-10-25 13:33:07.590909+00:00,V,132.0,1.0,V,121.56,1.0,['R'],A
IBM,2021-10-25 13:33:07.590959+00:00,V,127.24,2.0,V,121.56,1.0,['R'],A
IBM,2021-10-25 13:33:07.591335+00:00,V,127.27,2.0,V,121.56,1.0,['R'],A
IBM,2021-10-25 13:33:07.591996+00:00,V,127.27,2.0,V,121.56,1.0,['R'],A
IBM,2021-10-25 13:33:07.592468+00:00,V,127.27,2.0,V,121.56,1.0,['R'],A
IBM,2021-10-25 13:33:07.619817+00:00,V,132.0,1.0,V,121.56,1.0,['R'],A
IBM,2021-10-25 13:33:07.620309+00:00,V,127.22,2.0,V,121.56,1.0,['R'],A
IBM,2021-10-25 13:33:07.622123+00:00,V,132.0,1.0,V,121.56,1.0,['R'],A
IBM,2021-10-25 13:33:07.622599+00:00,V,127.24,2.0,V,121.56,1.0,['R'],A
IBM,2021-10-25 13:33:07.646987+00:00,V,127.24,2.0,V,121.56,1.0,['R'],A
IBM,2021-10-25 13:33:07.698525+00:00,V,127.24,2.0,V,127.15,2.0,['R'],A
IBM,2021-10-25 13:33:08.592883+00:00,V,127.28,2.0,V,127.15,2.0,['R'],A
IBM,2021-10-25 13:33:08.593069+00:00,V,132.0,1.0,V,127.15,2.0,['R'],A
IBM,2021-10-25 13:33:08.593349+00:00,V,132.0,1.0,V,127.15,2.0,['R'],A
IBM,2021-10-25 13:33:08.593550+00:00,V,127.28,2.0,V,127.15,2.0,['R'],A
IBM,2021-10-25 13:33:08.646752+00:00,V,127.28,2.0,V,127.15,2.0,['R'],A
IBM,2021-10-25 13:33:08.947708+00:00,V,127.28,2.0,V,121.56,1.0,['R'],A
IBM,2021-10-25 13:33:08.962578+00:00,V,127.28,2.0,V,121.56,1.0,['R'],A
IBM,2021-10-25 13:33:09.002693+00:00,V,132.0,1.0,V,121.56,1.0,['R'],A
IBM,2021-10-25 13:33:09.003966+00:00,V,132.0,1.0,V,121.56,1.0,['R'],A
IBM,2021-10-25 13:33:09.004172+00:00,V,127.31,2.0,V,121.56,1.0,['R'],A
IBM,2021-10-25 13:33:09.595686+00:00,V,127.32,2.0,V,121.56,1.0,['R'],A
IBM,2021-10-25 13:33:09.596157+00:00,V,132.0,1.0,V,121.56,1.0,['R'],A
IBM,2021-10-25 13:33:09.647549+00:00,V,132.0,1.0,V,127.19,1.0,['R'],A
IBM,2021-10-25 13:33:09.852402+00:00,V,132.0,1.0,V,127.19,1.0,['R'],A
IBM,2021-10-25 13:33:09.852849+00:00,V,132.0,1.0,V,127.19,3.0,['R'],A
IBM,2021-10-25 13:33:09.861524+00:00,V,132.0,1.0,V,127.19,1.0,['R'],A
IBM,2021-10-25 13:33:09.897054+00:00,V,132.0,1.0,V,127.21,1.0,['R'],A
IBM,2021-10-25 13:33:10.459077+00:00,V,127.35,2.0,V,127.21,1.0,['R'],A
IBM,2021-10-25 13:33:10.546626+00:00,V,127.35,2.0,V,127.21,1.0,['R'],A
IBM,2021-10-25 13:33:10.548611+00:00,V,132.0,1.0,V,127.21,1.0,['R'],A
IBM,2021-10-25 13:33:10.689932+00:00,V,132.0,1.0,V,127.21,1.0,['R'],A
IBM,2021-10-25 13:33:11.284377+00:00,V,132.0,1.0,V,127.21,1.0,['R'],A
IBM,2021-10-25 13:33:11.284808+00:00,V,132.0,1.0,V,127.23,2.0,['R'],A
IBM,2021-10-25 13:33:11.463297+00:00,V,127.35,2.0,V,127.23,2.0,['R'],A
IBM,2021-10-25 13:33:11.536857+00:00,V,132.0,1.0,V,127.23,2.0,['R'],A
IBM,2021-10-25 13:33:11.650197+00:00,V,132.0,1.0,V,127.23,2.0,['R'],A
IBM,2021-10-25 13:33:11.650468+00:00,V,132.0,1.0,V,127.23,2.0,['R'],A
IBM,2021-10-25 13:33:11.650533+00:00,V,132.0,1.0,V,121.56,1.0,['R'],A
IBM,2021-10-25 13:33:11.650939+00:00,V,132.0,1.0,V,121.56,1.0,['R'],A
IBM,2021-10-25 13:33:12.193836+00:00,V,132.0,1.0,V,121.56,1.0,['R'],A
IBM,2021-10-25 13:33:12.885918+00:00,V,132.0,1.0,V,121.56,1.0,['R'],A
IBM,2021-10-25 13:33:13.168181+00:00,V,132.0,1.0,V,121.56,1.0,['R'],A
IBM,2021-10-25 13:33:13.168657+00:00,V,132.0,1.0,V,121.56,1.0,['R'],A
IBM,2021-10-25 13:33:13.290266+00:00,V,132.0,1.0,V,121.56,1.0,['R'],A
IBM,2021-10-25 13:33:13.693698+00:00,V,132.0,1.0,V,121.56,1.0,['R'],A
IBM,2021-10-25 13:33:13.693722+00:00,V,127.32,2.0,V,121.56,1.0,['R'],A
IBM,2021-10-25 13:33:15.787757+00:00,V,127.32,2.0,V,127.23,1.0,['R'],A
IBM,2021-10-25 13:33:15.790859+00:00,V,132.0,1.0,V,127.23,1.0,['R'],A
IBM,2021-10-25 13:33:15.791390+00:00,V,132.0,1.0,V,127.23,1.0,['R'],A
IBM,2021-10-25 13:33:15.791671+00:00,V,132.0,1.0,V,127.23,2.0,['R'],A
IBM,2021-10-25 13:33:15.791741+00:00,V,132.0,1.0,V,127.24,1.0,['R'],A
IBM,2021-10-25 13:33:15.791972+00:00,V,132.0,1.0,V,127.24,3.0,['R'],A
IBM,2021-10-25 13:33:15.798021+00:00,V,132.0,1.0,V,127.23,3.0,['R'],A
IBM,2021-10-25 13:33:15.798467+00:00,V,132.0,1.0,V,127.23,1.0,['R'],A
IBM,2021-10-25 13:33:17.647164+00:00,V,132.0,1.0,V,127.24,2.0,['R'],A
IBM,2021-10-25 13:33:18.225637+00:00,V,132.0,1.0,V,127.23,3.0,['R'],A
IBM,2021-10-25 13:33:18.225867+00:00,V,132.0,1.0,V,127.23,1.0,['R'],A
IBM,2021-10-25 13:33:20.560865+00:00,V,132.0,1.0,V,121.56,1.0,['R'],A
IBM,2021-10-25 13:33:22.308314+00:00,V,132.0,1.0,V,127.24,1.0,['R'],A
IBM,2021-10-25 13:33:23.719338+00:00,V,132.0,1.0,V,127.27,1.0,['R'],A
IBM,2021-10-25 13:33:23.719368+00:00,V,132.0,1.0,V,127.27,3.0,['R'],A
IBM,2021-10-25 13:33:23.720059+00:00,V,132.0,1.0,V,127.27,1.0,['R'],A
IBM,2021-10-25 13:33:23.829936+00:00,V,132.0,1.0,V,127.28,1.0,['R'],A
IBM,2021-10-25 13:33:25.956115+00:00,V,132.0,1.0,V,121.56,1.0,['R'],A
IBM,2021-10-25 13:33:26.134739+00:00,V,127.33,1.0,V,121.56,1.0,['R'],A
IBM,2021-10-25 13:33:26.134950+00:00,V,132.0,1.0,V,121.56,1.0,['R'],A
IBM,2021-10-25 13:33:26.135421+00:00,V,127.31,1.0,V,121.56,1.0,['R'],A
IBM,2021-10-25 13:33:26.784716+00:00,V,132.0,1.0,V,121.56,1.0,['R'],A
IBM,2021-10-25 13:33:26.785233+00:00,V,132.0,1.0,V,127.15,2.0,['R'],A
IBM,2021-10-25 13:33:26.785964+00:00,V,132.0,1.0,V,121.56,1.0,['R'],A
IBM,2021-10-25 13:33:26.796464+00:00,V,127.24,1.0,V,121.56,1.0,['R'],A
IBM,2021-10-25 13:33:26.796925+00:00,V,132.0,1.0,V,121.56,1.0,['R'],A
IBM,2021-10-25 13:33:26.806604+00:00,V,132.0,1.0,V,127.15,1.0,['R'],A
IBM,2021-10-25 13:33:26.836685+00:00,V,127.24,1.0,V,127.15,1.0,['R'],A
IBM,2021-10-25 13:33:26.853450+00:00,V,127.24,1.0,V,121.56,1.0,['R'],A
IBM,2021-10-25 13:33:27.206465+00:00,V,132.0,1.0,V,121.56,1.0,['R'],A
IBM,2021-10-25 13:33:27.206961+00:00,V,127.27,1.0,V,121.56,1.0,['R'],A
IBM,2021-10-25 13:33:27.207467+00:00,V,132.0,1.0,V,121.56,1.0,['R'],A
IBM,2021-10-25 13:33:27.207963+00:00,V,127.28,1.0,V,121.56,1.0,['R'],A
IBM,2021-10-25 13:33:27.480748+00:00,V,132.0,1.0,V,121.56,1.0,['R'],A
IBM,2021-10-25 13:33:27.481239+00:00,V,127.28,1.0,V,121.56,1.0,['R'],A
IBM,2021-10-25 13:33:27.481334+00:00,V,127.3,1.0,V,121.56,1.0,['R'],A
IBM,2021-10-25 13:33:27.899605+00:00,V,127.31,1.0,V,121.56,1.0,['R'],A
IBM,2021-10-25 13:33:27.899935+00:00,V,132.0,1.0,V,121.56,1.0,['R'],A
IBM,2021-10-25 13:33:27.900471+00:00,V,127.31,1.0,V,121.56,1.0,['R'],A
IBM,2021-10-25 13:33:27.900777+00:00,V,132.0,1.0,V,121.56,1.0,['R'],A
IBM,2021-10-25 13:33:27.901288+00:00,V,127.31,1.0,V,121.56,1.0,['R'],A
IBM,2021-10-25 13:33:27.902491+00:00,V,127.3,2.0,V,121.56,1.0,['R'],A
IBM,2021-10-25 13:33:27.905884+00:00,V,127.31,1.0,V,121.56,1.0,['R'],A
IBM,2021-10-25 13:33:27.938662+00:00,V,127.31,1.0,V,127.2,1.0,['R'],A
IBM,2021-10-25 13:33:28.090208+00:00,V,127.32,1.0,V,127.2,1.0,['R'],A
IBM,2021-10-25 13:33:28.190461+00:00,V,132.0,1.0,V,127.2,1.0,['R'],A
IBM,2021-10-25 13:33:28.483048+00:00,V,132.0,1.0,V,127.21,1.0,['R'],A
IBM,2021-10-25 13:33:28.483239+00:00,V,127.33,1.0,V,127.21,1.0,['R'],A
IBM,2021-10-25 13:33:29.287584+00:00,V,127.33,1.0,V,121.56,1.0,['R'],A
IBM,2021-10-25 13:33:29.287649+00:00,V,127.32,1.0,V,121.56,1.0,['R'],A
IBM,2021-10-25 13:33:29.372175+00:00,V,127.33,2.0,V,121.56,1.0,['R'],A
IBM,2021-10-25 13:33:29.372406+00:00,V,127.33,1.0,V,121.56,1.0,['R'],A
IBM,2021-10-25 13:33:30.053387+00:00,V,132.0,1.0,V,121.56,1.0,['R'],A
IBM,2021-10-25 13:33:30.155369+00:00,V,132.0,1.0,V,127.3,1.0,['R'],A
IBM,2021-10-25 13:33:30.157103+00:00,V,132.0,1.0,V,127.3,2.0,['R'],A
IBM,2021-10-25 13:33:30.185446+00:00,V,127.42,1.0,V,127.3,2.0,['R'],A
IBM,2021-10-25 13:33:30.186188+00:00,V,127.42,1.0,V,127.3,1.0,['R'],A
IBM,2021-10-25 13:33:30.186263+00:00,V,132.0,1.0,V,127.3,1.0,['R'],A
IBM,2021-10-25 13:33:30.195785+00:00,V,127.4,1.0,V,127.3,1.0,['R'],A
IBM,2021-10-25 13:33:30.296184+00:00,V,127.4,1.0,V,127.3,1.0,['R'],A
IBM,2021-10-25 13:33:30.296365+00:00,V,127.42,1.0,V,127.3,1.0,['R'],A
IBM,2021-10-25 13:33:31.031425+00:00,V,132.0,1.0,V,127.3,1.0,['R'],A
IBM,2021-10-25 13:33:31.159551+00:00,V,132.0,1.0,V,127.3,3.0,['R'],A
IBM,2021-10-25 13:33:33.071908+00:00,V,127.4,1.0,V,127.3,3.0,['R'],A
IBM,2021-10-25 13:33:34.063448+00:00,V,127.4,1.0,V,127.3,3.0,['R'],A
IBM,2021-10-25 13:33:34.064024+00:00,V,127.4,1.0,V,127.3,3.0,['R'],A
IBM,2021-10-25 13:33:34.064150+00:00,V,127.4,1.0,V,127.3,2.0,['R'],A
IBM,2021-10-25 13:33:34.064210+00:00,V,132.0,1.0,V,127.3,2.0,['R'],A
IBM,2021-10-25 13:33:34.064350+00:00,V,132.0,1.0,V,121.56,1.0,['R'],A
IBM,2021-10-25 13:33:34.064726+00:00,V,127.4,1.0,V,121.56,1.0,['R'],A
IBM,2021-10-25 13:33:34.064907+00:00,V,127.4,1.0,V,127.3,1.0,['R'],A
IBM,2021-10-25 13:33:34.065067+00:00,V,127.4,1.0,V,121.56,1.0,['R'],A
IBM,2021-10-25 13:33:34.480471+00:00,V,132.0,1.0,V,121.56,1.0,['R'],A
IBM,2021-10-25 13:33:34.480967+00:00,V,127.4,1.0,V,121.56,1.0,['R'],A
IBM,2021-10-25 13:33:36.039818+00:00,V,132.0,1.0,V,121.56,1.0,['R'],A
IBM,2021-10-25 13:33:36.040324+00:00,V,127.37,1.0,V,121.56,1.0,['R'],A
IBM,2021-10-25 13:33:36.886718+00:00,V,132.0,1.0,V,121.56,1.0,['R'],A
IBM,2021-10-25 13:33:36.887209+00:00,V,127.33,1.0,V,121.56,1.0,['R'],A
IBM,2021-10-25 13:33:36.916960+00:00,V,127.36,1.0,V,121.56,1.0,['R'],A
IBM,2021-10-25 13:33:37.286184+00:00,V,132.0,1.0,V,121.56,1.0,['R'],A
IBM,2021-10-25 13:33:37.286705+00:00,V,127.3,1.0,V,121.56,1.0,['R'],A
IBM,2021-10-25 13:33:37.417341+00:00,V,132.0,1.0,V,121.56,1.0,['R'],A
IBM,2021-10-25 13:33:37.417822+00:00,V,127.28,1.0,V,121.56,1.0,['R'],A
IBM,2021-10-25 13:33:37.445047+00:00,V,132.0,1.0,V,121.56,1.0,['R'],A
IBM,2021-10-25 13:33:37.889565+00:00,V,127.3,1.0,V,121.56,1.0,['R'],A
IBM,2021-10-25 13:33:38.877697+00:00,V,132.0,1.0,V,121.56,1.0,['R'],A
IBM,2021-10-25 13:33:38.895876+00:00,V,127.25,1.0,V,121.56,1.0,['R'],A
IBM,2021-10-25 13:33:38.896197+00:00,V,132.0,1.0,V,121.56,1.0,['R'],A
IBM,2021-10-25 13:33:38.897204+00:00,V,127.24,1.0,V,121.56,1.0,['R'],A
IBM,2021-10-25 13:33:38.897274+00:00,V,132.0,1.0,V,121.56,1.0,['R'],A
IBM,2021-10-25 13:33:38.897775+00:00,V,127.23,1.0,V,121.56,1.0,['R'],A
IBM,2021-10-25 13:33:38.909137+00:00,V,127.23,1.0,V,127.15,2.0,['R'],A
IBM,2021-10-25 13:33:39.492722+00:00,V,127.24,1.0,V,127.15,2.0,['R'],A
IBM,2021-10-25 13:33:39.900152+00:00,V,127.28,1.0,V,127.15,2.0,['R'],A
IBM,2021-10-25 13:33:39.901209+00:00,V,127.28,1.0,V,121.56,1.0,['R'],A
IBM,2021-10-25 13:33:40.098184+00:00,V,132.0,1.0,V,121.56,1.0,['R'],A
IBM,2021-10-25 13:33:41.700072+00:00,V,132.0,1.0,V,127.15,2.0,['R'],A
IBM,2021-10-25 13:33:41.722200+00:00,V,132.0,1.0,V,121.56,1.0,['R'],A
IBM,2021-10-25 13:33:42.704584+00:00,V,132.0,1.0,V,127.15,2.0,['R'],A
IBM,2021-10-25 13:33:42.921470+00:00,V,132.0,1.0,V,121.56,1.0,['R'],A
IBM,2021-10-25 13:33:43.896270+00:00,V,132.0,1.0,V,127.15,2.0,['R'],A
IBM,2021-10-25 13:33:43.896376+00:00,V,132.0,1.0,V,121.56,1.0,['R'],A
IBM,2021-10-25 13:33:44.935309+00:00,V,127.26,1.0,V,121.56,1.0,['R'],A
IBM,2021-10-25 13:33:44.935489+00:00,V,132.0,1.0,V,121.56,1.0,['R'],A
IBM,2021-10-25 13:33:44.935539+00:00,V,132.0,1.0,V,127.17,2.0,['R'],A
IBM,2021-10-25 13:33:44.935705+00:00,V,132.0,1.0,V,121.56,1.0,['R'],A
IBM,2021-10-25 13:33:44.935996+00:00,V,127.24,1.0,V,121.56,1.0,['R'],A
IBM,2021-10-25 13:33:44.936692+00:00,V,127.25,1.0,V,121.56,1.0,['R'],A
IBM,2021-10-25 13:33:44.983454+00:00,V,127.26,1.0,V,121.56,1.0,['R'],A
IBM,2021-10-25 13:33:45.322722+00:00,V,127.27,1.0,V,121.56,1.0,['R'],A
IBM,2021-10-25 13:33:45.322747+00:00,V,132.0,1.0,V,121.56,1.0,['R'],A
IBM,2021-10-25 13:33:45.936297+00:00,V,132.0,1.0,V,127.15,2.0,['R'],A
IBM,2021-10-25 13:33:47.544855+00:00,V,132.0,1.0,V,121.56,1.0,['R'],A
IBM,2021-10-25 13:33:47.545637+00:00,V,132.0,1.0,V,127.16,2.0,['R'],A
IBM,2021-10-25 13:33:47.552599+00:00,V,132.0,1.0,V,127.15,2.0,['R'],A
IBM,2021-10-25 13:33:47.552995+00:00,V,132.0,1.0,V,121.56,1.0,['R'],A
IBM,2021-10-25 13:33:48.360999+00:00,V,127.26,1.0,V,121.56,1.0,['R'],A
IBM,2021-10-25 13:33:48.367569+00:00,V,127.27,1.0,V,121.56,1.0,['R'],A
IBM,2021-10-25 13:33:49.352453+00:00,V,127.28,1.0,V,121.56,1.0,['R'],A
IBM,2021-10-25 13:33:54.500574+00:00,V,132.0,1.0,V,121.56,1.0,['R'],A
IBM,2021-10-25 13:33:54.500725+00:00,V,127.27,2.0,V,121.56,1.0,['R'],A
IBM,2021-10-25 13:33:54.501045+00:00,V,132.0,1.0,V,121.56,1.0,['R'],A
IBM,2021-10-25 13:33:54.530636+00:00,V,127.23,1.0,V,121.56,1.0,['R'],A
IBM,2021-10-25 13:33:54.531533+00:00,V,132.0,1.0,V,121.56,1.0,['R'],A
IBM,2021-10-25 13:33:54.532034+00:00,V,132.0,1.0,V,121.56,1.0,['R'],A
IBM,2021-10-25 13:33:55.607434+00:00,V,127.27,1.0,V,121.56,1.0,['R'],A
IBM,2021-10-25 13:33:56.731566+00:00,V,132.0,1.0,V,121.56,1.0,['R'],A
IBM,2021-10-25 13:33:56.732858+00:00,V,127.27,1.0,V,121.56,1.0,['R'],A
IBM,2021-10-25 13:33:56.733048+00:00,V,127.27,1.0,V,121.56,1.0,['R'],A
IBM,2021-10-25 13:33:56.733118+00:00,V,127.27,1.0,V,121.56,1.0,['R'],A
IBM,2021-10-25 13:33:56.733590+00:00,V,127.27,1.0,V,121.56,1.0,['R'],A
IBM,2021-10-25 13:33:56.733695+00:00,V,132.0,1.0,V,121.56,1.0,['R'],A
IBM,2021-10-25 13:33:56.734006+00:00,V,132.0,1.0,V,127.14,2.0,['R'],A
IBM,2021-10-25 13:33:56.734206+00:00,V,132.0,1.0,V,127.14,2.0,['R'],A
IBM,2021-10-25 13:33:56.734863+00:00,V,132.0,1.0,V,121.56,1.0,['R'],A
IBM,2021-10-25 13:33:56.735454+00:00,V,132.0,1.0,V,121.56,1.0,['R'],A
IBM,2021-10-25 13:33:56.764914+00:00,V,132.0,1.0,V,121.56,1.0,['R'],A
IBM,2021-10-25 13:33:57.737334+00:00,V,132.0,1.0,V,127.13,2.0,['R'],A
IBM,2021-10-25 13:34:00.232630+00:00,V,132.0,1.0,V,121.56,1.0,['R'],A
IBM,2021-10-25 13:34:00.233126+00:00,V,132.0,1.0,V,127.16,1.0,['R'],A
IBM,2021-10-25 13:34:00.256617+00:00,V,132.0,1.0,V,127.15,1.0,['R'],A
IBM,2021-10-25 13:34:00.256913+00:00,V,132.0,1.0,V,121.56,1.0,['R'],A
IBM,2021-10-25 13:34:01.001750+00:00,V,132.0,1.0,V,127.15,1.0,['R'],A
IBM,2021-10-25 13:34:06.537758+00:00,V,132.0,1.0,V,121.56,1.0,['R'],A
IBM,2021-10-25 13:34:06.537858+00:00,V,132.0,1.0,V,121.56,1.0,['R'],A
IBM,2021-10-25 13:34:06.538018+00:00,V,132.0,1.0,V,121.56,1.0,['R'],A
IBM,2021-10-25 13:34:06.539632+00:00,V,132.0,1.0,V,127.12,2.0,['R'],A
IBM,2021-10-25 13:34:08.913720+00:00,V,132.0,1.0,V,121.56,1.0,['R'],A
IBM,2021-10-25 13:34:09.617987+00:00,V,132.0,1.0,V,127.15,2.0,['R'],A
IBM,2021-10-25 13:34:09.618072+00:00,V,132.0,1.0,V,127.15,2.0,['R'],A
IBM,2021-10-25 13:34:09.618203+00:00,V,132.0,1.0,V,121.56,1.0,['R'],A
IBM,2021-10-25 13:34:09.618329+00:00,V,132.0,1.0,V,121.56,1.0,['R'],A
IBM,2021-10-25 13:34:09.618403+00:00,V,127.23,1.0,V,121.56,1.0,['R'],A
IBM,2021-10-25 13:34:09.618814+00:00,V,127.23,1.0,V,121.56,1.0,['R'],A
IBM,2021-10-25 13:34:09.618870+00:00,V,132.0,1.0,V,121.56,1.0,['R'],A
IBM,2021-10-25 13:34:10.504247+00:00,V,132.0,1.0,V,121.56,1.0,['R'],A
IBM,2021-10-25 13:34:10.504774+00:00,V,132.0,1.0,V,121.56,1.0,['R'],A
IBM,2021-10-25 13:34:10.504948+00:00,V,132.0,1.0,V,121.56,1.0,['R'],A
IBM,2021-10-25 13:34:10.893664+00:00,V,132.0,1.0,V,127.12,1.0,['R'],A
IBM,2021-10-25 13:34:11.355172+00:00,V,132.0,1.0,V,121.56,1.0,['R'],A
IBM,2021-10-25 13:34:11.893975+00:00,V,132.0,1.0,V,127.12,2.0,['R'],A
IBM,2021-10-25 13:34:11.894892+00:00,V,132.0,1.0,V,121.56,1.0,['R'],A
IBM,2021-10-25 13:34:12.897154+00:00,V,132.0,1.0,V,127.12,1.0,['R'],A
IBM,2021-10-25 13:34:13.867017+00:00,V,132.0,1.0,V,121.56,1.0,['R'],A
IBM,2021-10-25 13:34:13.901248+00:00,V,132.0,1.0,V,127.12,1.0,['R'],A
IBM,2021-10-25 13:34:14.432813+00:00,V,132.0,1.0,V,121.56,1.0,['R'],A
IBM,2021-10-25 13:34:14.902636+00:00,V,132.0,1.0,V,127.12,1.0,['R'],A
IBM,2021-10-25 13:34:15.379616+00:00,V,132.0,1.0,V,127.15,1.0,['R'],A
IBM,2021-10-25 13:34:15.379631+00:00,V,132.0,1.0,V,127.15,3.0,['R'],A
IBM,2021-10-25 13:34:15.379861+00:00,V,132.0,1.0,V,127.18,1.0,['R'],A
IBM,2021-10-25 13:34:15.379917+00:00,V,132.0,1.0,V,127.18,3.0,['R'],A
IBM,2021-10-25 13:34:15.379942+00:00,V,132.0,1.0,V,127.18,4.0,['R'],A
IBM,2021-10-25 13:34:15.379952+00:00,V,132.0,1.0,V,127.18,3.0,['R'],A
IBM,2021-10-25 13:34:15.379962+00:00,V,132.0,1.0,V,127.18,5.0,['R'],A
IBM,2021-10-25 13:34:15.379972+00:00,V,132.0,1.0,V,127.18,3.0,['R'],A
IBM,2021-10-25 13:34:15.379982+00:00,V,132.0,1.0,V,127.18,1.0,['R'],A
IBM,2021-10-25 13:34:15.380012+00:00,V,132.0,1.0,V,127.12,1.0,['R'],A
IBM,2021-10-25 13:34:15.380052+00:00,V,132.0,1.0,V,121.56,1.0,['R'],A
IBM,2021-10-25 13:34:15.380573+00:00,V,127.25,1.0,V,121.56,1.0,['R'],A
IBM,2021-10-25 13:34:15.381380+00:00,V,132.0,1.0,V,121.56,1.0,['R'],A
IBM,2021-10-25 13:34:15.411441+00:00,V,132.0,1.0,V,127.19,1.0,['R'],A
IBM,2021-10-25 13:34:15.754333+00:00,V,132.0,1.0,V,127.19,3.0,['R'],A
IBM,2021-10-25 13:34:15.754533+00:00,V,132.0,1.0,V,127.2,1.0,['R'],A
IBM,2021-10-25 13:34:15.754574+00:00,V,132.0,1.0,V,127.2,3.0,['R'],A
IBM,2021-10-25 13:34:15.754739+00:00,V,132.0,1.0,V,127.2,2.0,['R'],A
IBM,2021-10-25 13:34:15.754769+00:00,V,132.0,1.0,V,121.56,1.0,['R'],A
IBM,2021-10-25 13:34:15.771208+00:00,V,132.0,1.0,V,121.56,1.0,['R'],A
IBM,2021-10-25 13:34:15.952465+00:00,V,132.0,1.0,V,127.22,2.0,['R'],A
IBM,2021-10-25 13:34:16.071995+00:00,V,132.0,1.0,V,127.22,2.0,['R'],A
IBM,2021-10-25 13:34:17.411553+00:00,V,132.0,1.0,V,127.21,2.0,['R'],A
IBM,2021-10-25 13:34:17.411874+00:00,V,132.0,1.0,V,121.56,1.0,['R'],A
IBM,2021-10-25 13:34:17.808919+00:00,V,132.0,1.0,V,127.21,1.0,['R'],A
IBM,2021-10-25 13:34:18.191234+00:00,V,132.0,1.0,V,121.56,1.0,['R'],A
IBM,2021-10-25 13:34:18.811311+00:00,V,132.0,1.0,V,127.21,1.0,['R'],A
IBM,2021-10-25 13:34:19.827847+00:00,V,132.0,1.0,V,121.56,1.0,['R'],A
IBM,2021-10-25 13:34:20.722365+00:00,V,132.0,1.0,V,127.23,1.0,['R'],A
IBM,2021-10-25 13:34:20.722556+00:00,V,132.0,1.0,V,127.29,1.0,['R'],A
IBM,2021-10-25 13:34:20.722586+00:00,V,132.0,1.0,V,127.29,3.0,['R'],A
IBM,2021-10-25 13:34:20.722767+00:00,V,132.0,1.0,V,127.29,4.0,['R'],A
IBM,2021-10-25 13:34:20.722782+00:00,V,132.0,1.0,V,127.29,3.0,['R'],A
IBM,2021-10-25 13:34:20.722802+00:00,V,132.0,1.0,V,127.29,5.0,['R'],A
IBM,2021-10-25 13:34:20.722822+00:00,V,132.0,1.0,V,127.29,3.0,['R'],A
IBM,2021-10-25 13:34:20.906970+00:00,V,132.0,1.0,V,127.29,3.0,['R'],A
IBM,2021-10-25 13:34:20.906990+00:00,V,132.0,1.0,V,127.29,1.0,['R'],A
IBM,2021-10-25 13:34:21.007950+00:00,V,132.0,1.0,V,127.29,1.0,['R'],A
IBM,2021-10-25 13:34:21.017954+00:00,V,132.0,1.0,V,127.3,2.0,['R'],A
IBM,2021-10-25 13:34:21.473288+00:00,V,132.0,1.0,V,127.3,2.0,['R'],A
IBM,2021-10-25 13:34:21.738113+00:00,V,132.0,1.0,V,127.29,1.0,['R'],A
IBM,2021-10-25 13:34:21.744654+00:00,V,132.0,1.0,V,121.56,1.0,['R'],A
IBM,2021-10-25 13:34:21.744704+00:00,V,132.0,1.0,V,121.56,1.0,['R'],A
IBM,2021-10-25 13:34:21.745150+00:00,V,127.37,2.0,V,121.56,1.0,['R'],A
IBM,2021-10-25 13:34:21.774836+00:00,V,127.37,2.0,V,121.56,1.0,['R'],A
IBM,2021-10-25 13:34:21.832709+00:00,V,127.37,2.0,V,121.56,1.0,['R'],A
IBM,2021-10-25 13:34:21.832854+00:00,V,132.0,1.0,V,121.56,1.0,['R'],A
IBM,2021-10-25 13:34:21.832924+00:00,V,132.0,1.0,V,127.25,1.0,['R'],A
IBM,2021-10-25 13:34:21.832959+00:00,V,132.0,1.0,V,121.56,1.0,['R'],A
IBM,2021-10-25 13:34:23.293301+00:00,V,132.0,1.0,V,127.24,1.0,['R'],A
IBM,2021-10-25 13:34:23.293612+00:00,V,132.0,1.0,V,121.56,1.0,['R'],A
IBM,2021-10-25 13:34:23.851178+00:00,V,127.34,1.0,V,121.56,1.0,['R'],A
IBM,2021-10-25 13:34:25.356628+00:00,V,127.34,1.0,V,121.56,1.0,['R'],A
IBM,2021-10-25 13:34:25.357089+00:00,V,127.34,1.0,V,121.56,1.0,['R'],A
IBM,2021-10-25 13:34:25.357260+00:00,V,132.0,1.0,V,121.56,1.0,['R'],A
IBM,2021-10-25 13:34:25.357560+00:00,V,132.0,1.0,V,121.56,1.0,['R'],A
IBM,2021-10-25 13:34:25.863385+00:00,V,132.0,1.0,V,121.56,1.0,['R'],A
IBM,2021-10-25 13:34:25.863886+00:00,V,132.0,1.0,V,121.56,1.0,['R'],A
IBM,2021-10-25 13:34:27.101682+00:00,V,132.0,1.0,V,121.56,1.0,['R'],A
IBM,2021-10-25 13:34:27.102158+00:00,V,132.0,1.0,V,121.56,1.0,['R'],A
IBM,2021-10-25 13:34:27.107315+00:00,V,132.0,1.0,V,121.56,1.0,['R'],A
IBM,2021-10-25 13:34:27.107802+00:00,V,132.0,1.0,V,121.56,1.0,['R'],A
IBM,2021-10-25 13:34:27.767822+00:00,V,132.0,1.0,V,121.56,1.0,['R'],A
IBM,2021-10-25 13:34:27.768003+00:00,V,127.29,2.0,V,121.56,1.0,['R'],A
IBM,2021-10-25 13:34:27.768324+00:00,V,127.29,2.0,V,121.56,1.0,['R'],A
IBM,2021-10-25 13:34:27.768624+00:00,V,132.0,1.0,V,121.56,1.0,['R'],A
IBM,2021-10-25 13:34:28.500060+00:00,V,132.0,1.0,V,121.56,1.0,['R'],A
IBM,2021-10-25 13:34:28.505037+00:00,V,132.0,1.0,V,121.56,1.0,['R'],A
IBM,2021-10-25 13:34:28.505278+00:00,V,132.0,1.0,V,121.56,1.0,['R'],A
IBM,2021-10-25 13:34:28.511223+00:00,V,132.0,1.0,V,121.56,1.0,['R'],A
IBM,2021-10-25 13:34:28.514640+00:00,V,132.0,1.0,V,127.12,1.0,['R'],A
IBM,2021-10-25 13:34:28.514660+00:00,V,132.0,1.0,V,127.12,1.0,['R'],A
IBM,2021-10-25 13:34:28.514855+00:00,V,132.0,1.0,V,127.12,2.0,['R'],A
IBM,2021-10-25 13:34:28.514895+00:00,V,132.0,1.0,V,127.11,2.0,['R'],A
IBM,2021-10-25 13:34:28.515156+00:00,V,132.0,1.0,V,127.11,1.0,['R'],A
IBM,2021-10-25 13:34:28.570979+00:00,V,132.0,1.0,V,127.13,1.0,['R'],A
IBM,2021-10-25 13:34:28.571256+00:00,V,132.0,1.0,V,127.13,1.0,['R'],A
IBM,2021-10-25 13:34:28.575455+00:00,V,132.0,1.0,V,127.13,1.0,['R'],A
IBM,2021-10-25 13:34:28.575961+00:00,V,132.0,1.0,V,127.13,1.0,['R'],A
IBM,2021-10-25 13:34:28.823917+00:00,V,132.0,1.0,V,127.13,1.0,['R'],A
IBM,2021-10-25 13:34:28.824052+00:00,V,127.28,2.0,V,127.13,1.0,['R'],A
IBM,2021-10-25 13:34:28.824398+00:00,V,127.28,2.0,V,127.13,1.0,['R'],A
IBM,2021-10-25 13:34:28.855286+00:00,V,127.29,2.0,V,127.13,1.0,['R'],A
IBM,2021-10-25 13:34:28.855953+00:00,V,132.0,1.0,V,127.13,1.0,['R'],A
IBM,2021-10-25 13:34:28.989396+00:00,V,132.0,1.0,V,127.13,1.0,['R'],A
IBM,2021-10-25 13:34:28.989882+00:00,V,132.0,1.0,V,127.13,1.0,['R'],A
IBM,2021-10-25 13:34:29.524391+00:00,V,132.0,1.0,V,127.13,1.0,['R'],A
IBM,2021-10-25 13:34:29.524866+00:00,V,132.0,1.0,V,127.13,1.0,['R'],A
IBM,2021-10-25 13:34:30.269453+00:00,V,132.0,1.0,V,127.13,1.0,['R'],A
IBM,2021-10-25 13:34:30.269920+00:00,V,132.0,1.0,V,127.13,1.0,['R'],A
IBM,2021-10-25 13:34:31.282209+00:00,V,132.0,1.0,V,127.13,1.0,['R'],A
IBM,2021-10-25 13:34:31.282586+00:00,V,127.28,1.0,V,127.13,1.0,['R'],A
IBM,2021-10-25 13:34:31.282682+00:00,V,127.28,1.0,V,127.13,1.0,['R'],A
IBM,2021-10-25 13:34:31.282690+00:00,V,132.0,1.0,V,127.13,1.0,['R'],A
IBM,2021-10-25 13:34:35.233531+00:00,V,132.0,1.0,V,127.13,1.0,['R'],A
IBM,2021-10-25 13:34:35.233997+00:00,V,132.0,1.0,V,127.13,1.0,['R'],A
IBM,2021-10-25 13:34:35.239129+00:00,V,132.0,1.0,V,127.13,1.0,['R'],A
IBM,2021-10-25 13:34:35.239616+00:00,V,132.0,1.0,V,127.13,1.0,['R'],A
IBM,2021-10-25 13:34:35.815251+00:00,V,127.27,1.0,V,127.13,1.0,['R'],A
IBM,2021-10-25 13:34:35.844821+00:00,V,132.0,1.0,V,127.13,1.0,['R'],A
IBM,2021-10-25 13:34:36.402424+00:00,V,132.0,1.0,V,127.13,1.0,['R'],A
IBM,2021-10-25 13:34:36.402829+00:00,V,132.0,1.0,V,121.56,1.0,['R'],A
IBM,2021-10-25 13:34:36.402904+00:00,V,132.0,1.0,V,121.56,1.0,['R'],A
IBM,2021-10-25 13:34:36.403707+00:00,V,132.0,1.0,V,121.56,1.0,['R'],A
IBM,2021-10-25 13:34:38.279607+00:00,V,132.0,1.0,V,127.19,1.0,['R'],A
IBM,2021-10-25 13:34:38.279627+00:00,V,132.0,1.0,V,121.56,1.0,['R'],A
IBM,2021-10-25 13:34:39.280750+00:00,V,132.0,1.0,V,127.19,2.0,['R'],A
IBM,2021-10-25 13:34:39.306266+00:00,V,132.0,1.0,V,127.18,2.0,['R'],A
IBM,2021-10-25 13:34:39.306547+00:00,V,132.0,1.0,V,121.56,1.0,['R'],A
IBM,2021-10-25 13:34:40.966683+00:00,V,127.28,1.0,V,121.56,1.0,['R'],A
IBM,2021-10-25 13:34:40.967530+00:00,V,132.0,1.0,V,121.56,1.0,['R'],A
IBM,2021-10-25 13:34:41.104221+00:00,V,132.0,1.0,V,127.19,1.0,['R'],A
IBM,2021-10-25 13:34:41.401479+00:00,V,132.0,1.0,V,127.18,1.0,['R'],A
IBM,2021-10-25 13:34:41.401810+00:00,V,132.0,1.0,V,121.56,1.0,['R'],A
IBM,2021-10-25 13:34:41.593185+00:00,V,132.0,1.0,V,121.56,1.0,['R'],A
IBM,2021-10-25 13:34:41.593260+00:00,V,132.0,1.0,V,121.56,1.0,['R'],A
IBM,2021-10-25 13:34:41.593741+00:00,V,132.0,1.0,V,121.56,1.0,['R'],A
IBM,2021-10-25 13:34:41.941844+00:00,V,132.0,1.0,V,121.56,1.0,['R'],A
IBM,2021-10-25 13:34:41.942316+00:00,V,132.0,1.0,V,121.56,1.0,['R'],A
IBM,2021-10-25 13:34:42.938908+00:00,V,132.0,1.0,V,121.56,1.0,['R'],A
IBM,2021-10-25 13:34:42.939390+00:00,V,132.0,1.0,V,121.56,1.0,['R'],A
IBM,2021-10-25 13:34:43.049222+00:00,V,132.0,1.0,V,121.56,1.0,['R'],A
IBM,2021-10-25 13:34:43.049713+00:00,V,132.0,1.0,V,121.56,1.0,['R'],A
IBM,2021-10-25 13:34:43.293679+00:00,V,132.0,1.0,V,121.56,1.0,['R'],A
IBM,2021-10-25 13:34:43.324352+00:00,V,127.28,1.0,V,121.56,1.0,['R'],A
IBM,2021-10-25 13:34:43.379955+00:00,V,132.0,1.0,V,121.56,1.0,['R'],A
IBM,2021-10-25 13:34:43.409821+00:00,V,132.0,1.0,V,121.56,1.0,['R'],A
IBM,2021-10-25 13:34:43.409851+00:00,V,132.0,1.0,V,121.56,1.0,['R'],A
IBM,2021-10-25 13:34:43.410338+00:00,V,132.0,1.0,V,121.56,1.0,['R'],A
IBM,2021-10-25 13:34:44.903479+00:00,V,132.0,1.0,V,121.56,1.0,['R'],A
IBM,2021-10-25 13:34:44.903960+00:00,V,132.0,1.0,V,121.56,1.0,['R'],A
IBM,2021-10-25 13:34:44.968383+00:00,V,132.0,1.0,V,121.56,1.0,['R'],A
IBM,2021-10-25 13:34:44.968885+00:00,V,132.0,1.0,V,121.56,1.0,['R'],A
IBM,2021-10-25 13:34:45.198562+00:00,V,132.0,1.0,V,121.56,1.0,['R'],A
IBM,2021-10-25 13:34:45.199098+00:00,V,132.0,1.0,V,121.56,1.0,['R'],A
IBM,2021-10-25 13:34:45.836395+00:00,V,132.0,1.0,V,121.56,1.0,['R'],A
IBM,2021-10-25 13:34:46.141185+00:00,V,132.0,1.0,V,127.17,2.0,['R'],A
IBM,2021-10-25 13:34:46.141601+00:00,V,132.0,1.0,V,121.56,1.0,['R'],A
IBM,2021-10-25 13:34:47.144103+00:00,V,132.0,1.0,V,127.17,2.0,['R'],A
IBM,2021-10-25 13:34:47.854790+00:00,V,132.0,1.0,V,121.56,1.0,['R'],A
IBM,2021-10-25 13:34:48.886477+00:00,V,132.0,1.0,V,127.15,2.0,['R'],A
IBM,2021-10-25 13:34:48.893223+00:00,V,132.0,1.0,V,127.15,2.0,['R'],A
IBM,2021-10-25 13:34:48.893273+00:00,V,132.0,1.0,V,127.15,2.0,['R'],A
IBM,2021-10-25 13:34:48.893428+00:00,V,127.24,1.0,V,127.15,2.0,['R'],A
IBM,2021-10-25 13:34:48.893463+00:00,V,127.24,1.0,V,121.56,1.0,['R'],A
IBM,2021-10-25 13:34:48.893754+00:00,V,127.24,1.0,V,121.56,1.0,['R'],A
IBM,2021-10-25 13:34:48.894235+00:00,V,132.0,1.0,V,121.56,1.0,['R'],A
IBM,2021-10-25 13:34:49.243271+00:00,V,132.0,1.0,V,121.56,1.0,['R'],A
IBM,2021-10-25 13:34:49.243742+00:00,V,132.0,1.0,V,121.56,1.0,['R'],A
IBM,2021-10-25 13:34:49.244228+00:00,V,132.0,1.0,V,121.56,1.0,['R'],A
IBM,2021-10-25 13:34:49.244744+00:00,V,132.0,1.0,V,121.56,1.0,['R'],A
IBM,2021-10-25 13:34:50.023013+00:00,V,127.24,1.0,V,121.56,1.0,['R'],A
IBM,2021-10-25 13:34:50.062081+00:00,V,132.0,1.0,V,121.56,1.0,['R'],A
IBM,2021-10-25 13:34:50.215571+00:00,V,132.0,1.0,V,121.56,1.0,['R'],A
IBM,2021-10-25 13:34:50.216488+00:00,V,132.0,1.0,V,121.56,1.0,['R'],A
IBM,2021-10-25 13:34:50.216589+00:00,V,132.0,1.0,V,121.56,1.0,['R'],A
IBM,2021-10-25 13:34:50.217070+00:00,V,132.0,1.0,V,121.56,1.0,['R'],A
IBM,2021-10-25 13:34:50.255532+00:00,V,132.0,1.0,V,121.56,1.0,['R'],A
IBM,2021-10-25 13:34:50.256038+00:00,V,132.0,1.0,V,121.56,1.0,['R'],A
IBM,2021-10-25 13:34:50.256218+00:00,V,132.0,1.0,V,121.56,1.0,['R'],A
IBM,2021-10-25 13:34:50.256690+00:00,V,132.0,1.0,V,121.56,1.0,['R'],A
IBM,2021-10-25 13:34:50.263526+00:00,V,132.0,1.0,V,127.12,2.0,['R'],A
IBM,2021-10-25 13:34:50.302093+00:00,V,132.0,1.0,V,127.11,2.0,['R'],A
IBM,2021-10-25 13:34:50.302132+00:00,V,132.0,1.0,V,127.11,2.0,['R'],A
IBM,2021-10-25 13:34:50.302458+00:00,V,132.0,1.0,V,121.56,1.0,['R'],A
IBM,2021-10-25 13:34:50.302609+00:00,V,132.0,1.0,V,121.56,1.0,['R'],A
IBM,2021-10-25 13:34:51.769229+00:00,V,132.0,1.0,V,121.56,1.0,['R'],A
IBM,2021-10-25 13:34:51.769746+00:00,V,132.0,1.0,V,121.56,1.0,['R'],A
IBM,2021-10-25 13:34:51.770814+00:00,V,127.19,2.0,V,121.56,1.0,['R'],A
IBM,2021-10-25 13:34:51.793683+00:00,V,127.19,2.0,V,121.56,1.0,['R'],A
IBM,2021-10-25 13:34:51.793713+00:00,V,132.0,1.0,V,121.56,1.0,['R'],A
IBM,2021-10-25 13:34:51.794184+00:00,V,132.0,1.0,V,121.56,1.0,['R'],A
IBM,2021-10-25 13:34:52.324431+00:00,V,132.0,1.0,V,121.56,1.0,['R'],A
IBM,2021-10-25 13:34:52.324917+00:00,V,132.0,1.0,V,121.56,1.0,['R'],A
IBM,2021-10-25 13:34:52.356542+00:00,V,132.0,1.0,V,121.56,1.0,['R'],A
IBM,2021-10-25 13:34:52.356672+00:00,V,132.0,1.0,V,127.1,2.0,['R'],A
IBM,2021-10-25 13:34:52.357023+00:00,V,132.0,1.0,V,127.1,2.0,['R'],A
IBM,2021-10-25 13:34:52.357063+00:00,V,132.0,1.0,V,121.56,1.0,['R'],A
IBM,2021-10-25 13:34:52.366090+00:00,V,132.0,1.0,V,121.56,1.0,['R'],A
IBM,2021-10-25 13:34:52.366596+00:00,V,132.0,1.0,V,121.56,1.0,['R'],A
IBM,2021-10-25 13:34:52.378925+00:00,V,132.0,1.0,V,121.56,1.0,['R'],A
IBM,2021-10-25 13:34:52.379406+00:00,V,132.0,1.0,V,121.56,1.0,['R'],A
IBM,2021-10-25 13:34:52.953448+00:00,V,127.17,1.0,V,121.56,1.0,['R'],A
IBM,2021-10-25 13:34:52.970789+00:00,V,127.17,1.0,V,121.56,1.0,['R'],A
IBM,2021-10-25 13:34:52.971045+00:00,V,132.0,1.0,V,121.56,1.0,['R'],A
IBM,2021-10-25 13:34:52.971280+00:00,V,132.0,1.0,V,121.56,1.0,['R'],A
IBM,2021-10-25 13:34:53.572677+00:00,V,132.0,1.0,V,121.56,1.0,['R'],A
IBM,2021-10-25 13:34:53.677737+00:00,V,132.0,1.0,V,121.56,1.0,['R'],A
IBM,2021-10-25 13:34:53.677783+00:00,V,132.0,1.0,V,121.56,1.0,['R'],A
IBM,2021-10-25 13:34:53.678259+00:00,V,132.0,1.0,V,121.56,1.0,['R'],A
IBM,2021-10-25 13:34:53.707884+00:00,V,132.0,1.0,V,121.56,1.0,['R'],A
IBM,2021-10-25 13:34:53.708355+00:00,V,132.0,1.0,V,121.56,1.0,['R'],A
IBM,2021-10-25 13:34:53.917674+00:00,V,132.0,1.0,V,121.56,1.0,['R'],A
IBM,2021-10-25 13:34:53.918155+00:00,V,132.0,1.0,V,121.56,1.0,['R'],A
IBM,2021-10-25 13:34:54.877038+00:00,V,132.0,1.0,V,121.56,1.0,['R'],A
IBM,2021-10-25 13:34:54.877513+00:00,V,132.0,1.0,V,121.56,1.0,['R'],A
IBM,2021-10-25 13:34:55.090921+00:00,V,132.0,1.0,V,121.56,1.0,['R'],A
IBM,2021-10-25 13:34:55.091403+00:00,V,132.0,1.0,V,121.56,1.0,['R'],A
IBM,2021-10-25 13:34:55.493880+00:00,V,132.0,1.0,V,121.56,1.0,['R'],A
IBM,2021-10-25 13:34:55.494331+00:00,V,132.0,1.0,V,121.56,1.0,['R'],A
IBM,2021-10-25 13:34:56.042943+00:00,V,132.0,1.0,V,121.56,1.0,['R'],A
IBM,2021-10-25 13:34:56.651016+00:00,V,132.0,1.0,V,121.56,1.0,['R'],A
IBM,2021-10-25 13:34:56.651357+00:00,V,127.14,2.0,V,121.56,1.0,['R'],A
IBM,2021-10-25 13:34:56.651974+00:00,V,132.0,1.0,V,121.56,1.0,['R'],A
IBM,2021-10-25 13:34:56.780439+00:00,V,132.0,1.0,V,121.56,1.0,['R'],A
IBM,2021-10-25 13:34:56.780955+00:00,V,132.0,1.0,V,121.56,1.0,['R'],A
IBM,2021-10-25 13:34:57.890597+00:00,V,132.0,1.0,V,127.05,2.0,['R'],A
IBM,2021-10-25 13:34:59.825734+00:00,V,132.0,1.0,V,127.05,2.0,['R'],A
IBM,2021-10-25 13:35:00.083823+00:00,V,132.0,1.0,V,121.56,1.0,['R'],A
IBM,2021-10-25 13:35:00.406330+00:00,V,132.0,1.0,V,121.56,1.0,['R'],A
IBM,2021-10-25 13:35:00.412635+00:00,V,132.0,1.0,V,121.56,1.0,['R'],A
IBM,2021-10-25 13:35:00.416379+00:00,V,132.0,1.0,V,127.05,1.0,['R'],A
IBM,2021-10-25 13:35:00.433374+00:00,V,132.0,1.0,V,121.56,1.0,['R'],A
IBM,2021-10-25 13:35:00.643204+00:00,V,132.0,1.0,V,127.07,1.0,['R'],A
IBM,2021-10-25 13:35:00.993352+00:00,V,132.0,1.0,V,121.56,1.0,['R'],A
IBM,2021-10-25 13:35:00.994129+00:00,V,132.0,1.0,V,121.56,1.0,['R'],A
IBM,2021-10-25 13:35:00.994245+00:00,V,127.12,2.0,V,121.56,1.0,['R'],A
IBM,2021-10-25 13:35:00.994956+00:00,V,132.0,1.0,V,121.56,1.0,['R'],A
IBM,2021-10-25 13:35:01.098688+00:00,V,132.0,1.0,V,127.05,1.0,['R'],A
IBM,2021-10-25 13:35:01.303435+00:00,V,132.0,1.0,V,121.56,1.0,['R'],A
IBM,2021-10-25 13:35:01.747282+00:00,V,132.0,1.0,V,121.56,1.0,['R'],A
IBM,2021-10-25 13:35:02.306092+00:00,V,132.0,1.0,V,127.06,1.0,['R'],A
IBM,2021-10-25 13:35:02.306117+00:00,V,132.0,1.0,V,127.06,3.0,['R'],A
IBM,2021-10-25 13:35:02.306178+00:00,V,132.0,1.0,V,127.07,1.0,['R'],A
IBM,2021-10-25 13:35:02.306298+00:00,V,132.0,1.0,V,127.07,3.0,['R'],A
IBM,2021-10-25 13:35:02.306744+00:00,V,132.0,1.0,V,127.09,1.0,['R'],A
IBM,2021-10-25 13:35:02.306794+00:00,V,132.0,1.0,V,127.09,3.0,['R'],A
IBM,2021-10-25 13:35:02.307049+00:00,V,132.0,1.0,V,127.09,4.0,['R'],A
IBM,2021-10-25 13:35:02.307059+00:00,V,132.0,1.0,V,127.09,3.0,['R'],A
IBM,2021-10-25 13:35:02.308738+00:00,V,132.0,1.0,V,127.09,2.0,['R'],A
IBM,2021-10-25 13:35:02.308809+00:00,V,132.0,1.0,V,121.56,1.0,['R'],A
IBM,2021-10-25 13:35:02.310322+00:00,V,132.0,1.0,V,127.1,1.0,['R'],A
IBM,2021-10-25 13:35:02.864417+00:00,V,132.0,1.0,V,121.56,1.0,['R'],A
IBM,2021-10-25 13:35:02.864456+00:00,V,132.0,1.0,V,121.56,1.0,['R'],A
IBM,2021-10-25 13:35:02.964375+00:00,V,132.0,1.0,V,127.08,1.0,['R'],A
IBM,2021-10-25 13:35:03.292997+00:00,V,132.0,1.0,V,121.56,1.0,['R'],A
IBM,2021-10-25 13:35:04.736579+00:00,V,132.0,1.0,V,121.56,1.0,['R'],A
IBM,2021-10-25 13:35:04.736965+00:00,V,132.0,1.0,V,127.05,1.0,['R'],A
IBM,2021-10-25 13:35:04.737015+00:00,V,132.0,1.0,V,121.56,1.0,['R'],A
IBM,2021-10-25 13:35:04.737055+00:00,V,132.0,1.0,V,121.56,1.0,['R'],A
IBM,2021-10-25 13:35:04.737922+00:00,V,132.0,1.0,V,121.56,1.0,['R'],A
IBM,2021-10-25 13:35:04.738398+00:00,V,132.0,1.0,V,121.56,1.0,['R'],A
IBM,2021-10-25 13:35:05.660231+00:00,V,132.0,1.0,V,121.56,1.0,['R'],A
IBM,2021-10-25 13:35:05.660742+00:00,V,132.0,1.0,V,121.56,1.0,['R'],A
IBM,2021-10-25 13:35:05.664581+00:00,V,132.0,1.0,V,121.56,1.0,['R'],A
IBM,2021-10-25 13:35:05.665092+00:00,V,132.0,1.0,V,121.56,1.0,['R'],A
IBM,2021-10-25 13:35:05.796330+00:00,V,132.0,1.0,V,127.05,2.0,['R'],A
IBM,2021-10-25 13:35:05.802580+00:00,V,132.0,1.0,V,127.05,2.0,['R'],A
IBM,2021-10-25 13:35:05.803051+00:00,V,132.0,1.0,V,127.05,2.0,['R'],A
IBM,2021-10-25 13:35:05.973151+00:00,V,132.0,1.0,V,127.05,2.0,['R'],A
IBM,2021-10-25 13:35:05.989986+00:00,V,132.0,1.0,V,127.05,2.0,['R'],A
IBM,2021-10-25 13:35:06.005473+00:00,V,132.0,1.0,V,121.56,1.0,['R'],A
IBM,2021-10-25 13:35:06.019396+00:00,V,132.0,1.0,V,121.56,1.0,['R'],A
IBM,2021-10-25 13:35:06.019892+00:00,V,132.0,1.0,V,121.56,1.0,['R'],A
IBM,2021-10-25 13:35:06.020784+00:00,V,132.0,1.0,V,121.56,1.0,['R'],A
IBM,2021-10-25 13:35:06.021281+00:00,V,132.0,1.0,V,121.56,1.0,['R'],A
IBM,2021-10-25 13:35:06.094750+00:00,V,132.0,1.0,V,121.56,1.0,['R'],A
IBM,2021-10-25 13:35:06.094796+00:00,V,132.0,1.0,V,127.08,1.0,['R'],A
IBM,2021-10-25 13:35:06.095237+00:00,V,132.0,1.0,V,127.08,1.0,['R'],A
IBM,2021-10-25 13:35:06.110328+00:00,V,132.0,1.0,V,127.08,1.0,['R'],A
IBM,2021-10-25 13:35:06.110834+00:00,V,132.0,1.0,V,127.08,1.0,['R'],A
IBM,2021-10-25 13:35:06.183973+00:00,V,132.0,1.0,V,127.08,3.0,['R'],A
IBM,2021-10-25 13:35:06.184013+00:00,V,132.0,1.0,V,127.08,3.0,['R'],A
IBM,2021-10-25 13:35:06.184083+00:00,V,132.0,1.0,V,127.09,1.0,['R'],A
IBM,2021-10-25 13:35:06.184123+00:00,V,132.0,1.0,V,127.09,3.0,['R'],A
IBM,2021-10-25 13:35:06.184254+00:00,V,132.0,1.0,V,127.1,1.0,['R'],A
IBM,2021-10-25 13:35:06.193872+00:00,V,132.0,1.0,V,127.09,2.0,['R'],A
IBM,2021-10-25 13:35:06.193896+00:00,V,132.0,1.0,V,121.56,1.0,['R'],A
IBM,2021-10-25 13:35:06.202928+00:00,V,132.0,1.0,V,127.09,1.0,['R'],A
IBM,2021-10-25 13:35:06.203028+00:00,V,132.0,1.0,V,127.09,1.0,['R'],A
IBM,2021-10-25 13:35:06.643718+00:00,V,132.0,1.0,V,121.56,1.0,['R'],A
IBM,2021-10-25 13:35:06.892249+00:00,V,132.0,1.0,V,127.09,1.0,['R'],A
IBM,2021-10-25 13:35:07.415716+00:00,V,132.0,1.0,V,127.09,1.0,['R'],A
IBM,2021-10-25 13:35:07.639438+00:00,V,132.0,1.0,V,127.08,1.0,['R'],A
IBM,2021-10-25 13:35:08.385359+00:00,V,132.0,1.0,V,127.1,1.0,['R'],A
IBM,2021-10-25 13:35:09.173461+00:00,V,132.0,1.0,V,121.56,1.0,['R'],A
IBM,2021-10-25 13:35:09.990811+00:00,V,132.0,1.0,V,121.56,1.0,['R'],A
IBM,2021-10-25 13:35:11.563656+00:00,V,132.0,1.0,V,121.56,1.0,['R'],A
IBM,2021-10-25 13:35:11.563737+00:00,V,127.15,1.0,V,121.56,1.0,['R'],A
IBM,2021-10-25 13:35:11.564133+00:00,V,127.15,1.0,V,121.56,1.0,['R'],A
IBM,2021-10-25 13:35:11.564529+00:00,V,132.0,1.0,V,121.56,1.0,['R'],A
IBM,2021-10-25 13:35:11.569641+00:00,V,132.0,1.0,V,127.06,1.0,['R'],A
IBM,2021-10-25 13:35:11.570368+00:00,V,132.0,1.0,V,121.56,1.0,['R'],A
IBM,2021-10-25 13:35:11.588150+00:00,V,132.0,1.0,V,121.56,1.0,['R'],A
IBM,2021-10-25 13:35:11.588632+00:00,V,132.0,1.0,V,121.56,1.0,['R'],A
IBM,2021-10-25 13:35:12.250886+00:00,V,132.0,1.0,V,121.56,1.0,['R'],A
IBM,2021-10-25 13:35:12.251368+00:00,V,132.0,1.0,V,121.56,1.0,['R'],A
IBM,2021-10-25 13:35:12.843422+00:00,V,132.0,1.0,V,121.56,1.0,['R'],A
IBM,2021-10-25 13:35:12.843762+00:00,V,127.11,1.0,V,121.56,1.0,['R'],A
IBM,2021-10-25 13:35:12.843912+00:00,V,127.11,1.0,V,121.56,1.0,['R'],A
IBM,2021-10-25 13:35:12.843962+00:00,V,127.12,1.0,V,121.56,1.0,['R'],A
IBM,2021-10-25 13:35:12.844223+00:00,V,132.0,1.0,V,121.56,1.0,['R'],A
IBM,2021-10-25 13:35:12.991353+00:00,V,132.0,1.0,V,121.56,1.0,['R'],A
IBM,2021-10-25 13:35:12.992240+00:00,V,132.0,1.0,V,121.56,1.0,['R'],A
IBM,2021-10-25 13:35:13.008830+00:00,V,132.0,1.0,V,121.56,1.0,['R'],A
IBM,2021-10-25 13:35:13.009331+00:00,V,132.0,1.0,V,121.56,1.0,['R'],A
IBM,2021-10-25 13:35:13.435571+00:00,V,132.0,1.0,V,127.05,1.0,['R'],A
IBM,2021-10-25 13:35:13.435586+00:00,V,132.0,1.0,V,127.05,3.0,['R'],A
IBM,2021-10-25 13:35:13.435611+00:00,V,132.0,1.0,V,127.05,3.0,['R'],A
IBM,2021-10-25 13:35:13.435952+00:00,V,132.0,1.0,V,127.05,4.0,['R'],A
IBM,2021-10-25 13:35:13.436559+00:00,V,132.0,1.0,V,127.05,3.0,['R'],A
IBM,2021-10-25 13:35:13.683591+00:00,V,132.0,1.0,V,127.06,1.0,['R'],A
IBM,2021-10-25 13:35:13.683832+00:00,V,132.0,1.0,V,127.07,1.0,['R'],A
IBM,2021-10-25 13:35:13.683922+00:00,V,132.0,1.0,V,127.07,1.0,['R'],A
IBM,2021-10-25 13:35:13.683967+00:00,V,132.0,1.0,V,127.07,3.0,['R'],A
IBM,2021-10-25 13:35:13.684814+00:00,V,132.0,1.0,V,127.07,3.0,['R'],A
IBM,2021-10-25 13:35:13.691119+00:00,V,132.0,1.0,V,127.06,3.0,['R'],A
IBM,2021-10-25 13:35:13.691345+00:00,V,132.0,1.0,V,127.06,1.0,['R'],A
IBM,2021-10-25 13:35:14.249148+00:00,V,132.0,1.0,V,127.06,1.0,['R'],A
IBM,2021-10-25 13:35:14.674109+00:00,V,132.0,1.0,V,121.56,1.0,['R'],A
IBM,2021-10-25 13:35:14.674155+00:00,V,132.0,1.0,V,121.56,1.0,['R'],A
IBM,2021-10-25 13:35:14.674636+00:00,V,132.0,1.0,V,121.56,1.0,['R'],A
IBM,2021-10-25 13:35:14.913519+00:00,V,132.0,1.0,V,121.56,1.0,['R'],A
IBM,2021-10-25 13:35:14.914000+00:00,V,132.0,1.0,V,121.56,1.0,['R'],A
IBM,2021-10-25 13:35:15.105051+00:00,V,132.0,1.0,V,121.56,1.0,['R'],A
IBM,2021-10-25 13:35:15.105537+00:00,V,132.0,1.0,V,121.56,1.0,['R'],A
IBM,2021-10-25 13:35:15.115185+00:00,V,132.0,1.0,V,121.56,1.0,['R'],A
IBM,2021-10-25 13:35:15.115666+00:00,V,132.0,1.0,V,121.56,1.0,['R'],A
IBM,2021-10-25 13:35:15.611085+00:00,V,132.0,1.0,V,121.56,1.0,['R'],A
IBM,2021-10-25 13:35:15.616348+00:00,V,132.0,1.0,V,121.56,1.0,['R'],A
IBM,2021-10-25 13:35:15.645943+00:00,V,132.0,1.0,V,121.56,1.0,['R'],A
IBM,2021-10-25 13:35:15.646540+00:00,V,132.0,1.0,V,121.56,1.0,['R'],A
IBM,2021-10-25 13:35:15.646976+00:00,V,132.0,1.0,V,127.05,2.0,['R'],A
IBM,2021-10-25 13:35:15.647667+00:00,V,132.0,1.0,V,121.56,1.0,['R'],A
IBM,2021-10-25 13:35:16.328568+00:00,V,132.0,1.0,V,121.56,1.0,['R'],A
IBM,2021-10-25 13:35:16.332182+00:00,V,132.0,1.0,V,121.56,1.0,['R'],A
IBM,2021-10-25 13:35:16.332267+00:00,V,132.0,1.0,V,121.56,1.0,['R'],A
IBM,2021-10-25 13:35:16.332749+00:00,V,132.0,1.0,V,121.56,1.0,['R'],A
IBM,2021-10-25 13:35:16.434801+00:00,V,132.0,1.0,V,121.56,1.0,['R'],A
IBM,2021-10-25 13:35:16.435292+00:00,V,132.0,1.0,V,121.56,1.0,['R'],A
IBM,2021-10-25 13:35:18.400164+00:00,V,132.0,1.0,V,121.56,1.0,['R'],A
IBM,2021-10-25 13:35:20.353123+00:00,V,132.0,1.0,V,121.56,1.0,['R'],A
IBM,2021-10-25 13:35:20.453232+00:00,V,132.0,1.0,V,127.06,1.0,['R'],A
IBM,2021-10-25 13:35:21.627036+00:00,V,132.0,1.0,V,127.05,1.0,['R'],A
IBM,2021-10-25 13:35:21.627297+00:00,V,132.0,1.0,V,121.56,1.0,['R'],A
IBM,2021-10-25 13:35:21.877558+00:00,V,132.0,1.0,V,127.06,1.0,['R'],A
IBM,2021-10-25 13:35:22.284527+00:00,V,132.0,1.0,V,127.06,1.0,['R'],A
IBM,2021-10-25 13:35:22.285163+00:00,V,132.0,1.0,V,127.08,1.0,['R'],A
IBM,2021-10-25 13:35:23.976459+00:00,V,132.0,1.0,V,121.56,1.0,['R'],A
IBM,2021-10-25 13:35:23.976524+00:00,V,132.0,1.0,V,121.56,1.0,['R'],A
IBM,2021-10-25 13:35:23.977702+00:00,V,132.0,1.0,V,127.05,1.0,['R'],A
IBM,2021-10-25 13:35:23.989540+00:00,V,132.0,1.0,V,121.56,1.0,['R'],A
IBM,2021-10-25 13:35:24.089323+00:00,V,132.0,1.0,V,127.08,1.0,['R'],A
IBM,2021-10-25 13:35:24.089347+00:00,V,132.0,1.0,V,127.08,1.0,['R'],A
IBM,2021-10-25 13:35:24.097988+00:00,V,132.0,1.0,V,127.08,3.0,['R'],A
IBM,2021-10-25 13:35:24.098315+00:00,V,132.0,1.0,V,127.08,1.0,['R'],A
IBM,2021-10-25 13:35:24.098625+00:00,V,132.0,1.0,V,127.08,1.0,['R'],A
IBM,2021-10-25 13:35:24.098675+00:00,V,132.0,1.0,V,127.08,1.0,['R'],A
IBM,2021-10-25 13:35:24.099717+00:00,V,132.0,1.0,V,127.13,1.0,['R'],A
IBM,2021-10-25 13:35:24.104719+00:00,V,132.0,1.0,V,121.56,1.0,['R'],A
IBM,2021-10-25 13:35:24.349386+00:00,V,132.0,1.0,V,127.14,1.0,['R'],A
IBM,2021-10-25 13:35:24.591297+00:00,V,132.0,1.0,V,121.56,1.0,['R'],A
IBM,2021-10-25 13:35:24.591583+00:00,V,132.0,1.0,V,121.56,1.0,['R'],A
IBM,2021-10-25 13:35:24.842465+00:00,V,132.0,1.0,V,127.14,1.0,['R'],A
IBM,2021-10-25 13:35:24.842485+00:00,V,132.0,1.0,V,127.14,1.0,['R'],A
IBM,2021-10-25 13:35:25.035555+00:00,V,132.0,1.0,V,127.14,3.0,['R'],A
IBM,2021-10-25 13:35:25.035951+00:00,V,132.0,1.0,V,127.14,5.0,['R'],A
IBM,2021-10-25 13:35:25.036567+00:00,V,132.0,1.0,V,127.14,3.0,['R'],A
IBM,2021-10-25 13:35:25.065782+00:00,V,132.0,1.0,V,127.15,1.0,['R'],A
IBM,2021-10-25 13:35:25.065811+00:00,V,132.0,1.0,V,127.15,3.0,['R'],A
IBM,2021-10-25 13:35:25.076798+00:00,V,132.0,1.0,V,127.15,1.0,['R'],A
IBM,2021-10-25 13:35:25.338450+00:00,V,132.0,1.0,V,127.14,1.0,['R'],A
IBM,2021-10-25 13:35:25.338621+00:00,V,132.0,1.0,V,121.56,1.0,['R'],A
IBM,2021-10-25 13:35:25.359215+00:00,V,132.0,1.0,V,121.56,1.0,['R'],A
IBM,2021-10-25 13:35:25.359245+00:00,V,132.0,1.0,V,121.56,1.0,['R'],A
IBM,2021-10-25 13:35:25.359726+00:00,V,132.0,1.0,V,121.56,1.0,['R'],A
IBM,2021-10-25 13:35:25.590200+00:00,V,132.0,1.0,V,121.56,1.0,['R'],A
IBM,2021-10-25 13:35:25.590681+00:00,V,132.0,1.0,V,121.56,1.0,['R'],A
IBM,2021-10-25 13:35:26.971725+00:00,V,132.0,1.0,V,127.14,1.0,['R'],A
IBM,2021-10-25 13:35:26.971745+00:00,V,132.0,1.0,V,127.14,1.0,['R'],A
IBM,2021-10-25 13:35:27.591104+00:00,V,132.0,1.0,V,127.15,1.0,['R'],A
IBM,2021-10-25 13:35:29.097199+00:00,V,132.0,1.0,V,121.56,1.0,['R'],A
IBM,2021-10-25 13:35:30.426007+00:00,V,132.0,1.0,V,121.56,1.0,['R'],A
IBM,2021-10-25 13:35:30.426112+00:00,V,132.0,1.0,V,121.56,1.0,['R'],A
IBM,2021-10-25 13:35:30.426618+00:00,V,132.0,1.0,V,121.56,1.0,['R'],A
IBM,2021-10-25 13:35:30.427737+00:00,V,127.2,1.0,V,121.56,1.0,['R'],A
IBM,2021-10-25 13:35:30.428513+00:00,V,132.0,1.0,V,121.56,1.0,['R'],A
IBM,2021-10-25 13:35:30.437931+00:00,V,132.0,1.0,V,127.1,1.0,['R'],A
IBM,2021-10-25 13:35:30.438156+00:00,V,132.0,1.0,V,121.56,1.0,['R'],A
IBM,2021-10-25 13:35:30.497522+00:00,V,132.0,1.0,V,121.56,1.0,['R'],A
IBM,2021-10-25 13:35:30.497993+00:00,V,132.0,1.0,V,121.56,1.0,['R'],A
IBM,2021-10-25 13:35:30.770702+00:00,V,132.0,1.0,V,121.56,1.0,['R'],A
IBM,2021-10-25 13:35:30.771178+00:00,V,132.0,1.0,V,121.56,1.0,['R'],A
IBM,2021-10-25 13:35:31.453453+00:00,V,132.0,1.0,V,121.56,1.0,['R'],A
IBM,2021-10-25 13:35:31.453929+00:00,V,132.0,1.0,V,121.56,1.0,['R'],A
IBM,2021-10-25 13:35:31.862141+00:00,V,132.0,1.0,V,121.56,1.0,['R'],A
IBM,2021-10-25 13:35:31.862642+00:00,V,132.0,1.0,V,121.56,1.0,['R'],A
IBM,2021-10-25 13:35:32.284968+00:00,V,132.0,1.0,V,121.56,1.0,['R'],A
IBM,2021-10-25 13:35:32.285464+00:00,V,132.0,1.0,V,121.56,1.0,['R'],A
IBM,2021-10-25 13:35:32.839974+00:00,V,132.0,1.0,V,121.56,1.0,['R'],A
IBM,2021-10-25 13:35:32.840150+00:00,V,127.19,2.0,V,121.56,1.0,['R'],A
IBM,2021-10-25 13:35:32.840445+00:00,V,127.19,2.0,V,121.56,1.0,['R'],A
IBM,2021-10-25 13:35:32.840515+00:00,V,132.0,1.0,V,121.56,1.0,['R'],A
IBM,2021-10-25 13:35:33.701966+00:00,V,132.0,1.0,V,121.56,1.0,['R'],A
IBM,2021-10-25 13:35:33.702448+00:00,V,132.0,1.0,V,121.56,1.0,['R'],A
IBM,2021-10-25 13:35:34.071582+00:00,V,132.0,1.0,V,121.56,1.0,['R'],A
IBM,2021-10-25 13:35:34.072248+00:00,V,127.19,2.0,V,121.56,1.0,['R'],A
IBM,2021-10-25 13:35:34.072323+00:00,V,132.0,1.0,V,121.56,1.0,['R'],A
IBM,2021-10-25 13:35:34.805660+00:00,V,132.0,1.0,V,121.56,1.0,['R'],A
IBM,2021-10-25 13:35:34.805695+00:00,V,132.0,1.0,V,121.56,1.0,['R'],A
IBM,2021-10-25 13:35:34.806171+00:00,V,132.0,1.0,V,121.56,1.0,['R'],A
IBM,2021-10-25 13:35:36.892774+00:00,V,132.0,1.0,V,121.56,1.0,['R'],A
IBM,2021-10-25 13:35:36.898000+00:00,V,132.0,1.0,V,121.56,1.0,['R'],A
IBM,2021-10-25 13:35:36.898110+00:00,V,132.0,1.0,V,121.56,1.0,['R'],A
IBM,2021-10-25 13:35:36.898686+00:00,V,132.0,1.0,V,121.56,1.0,['R'],A
IBM,2021-10-25 13:35:37.688357+00:00,V,132.0,1.0,V,121.56,1.0,['R'],A
IBM,2021-10-25 13:35:37.719571+00:00,V,132.0,1.0,V,121.56,1.0,['R'],A
IBM,2021-10-25 13:35:38.214489+00:00,V,132.0,1.0,V,121.56,1.0,['R'],A
IBM,2021-10-25 13:35:38.909383+00:00,V,132.0,1.0,V,121.56,1.0,['R'],A
IBM,2021-10-25 13:35:39.049798+00:00,V,132.0,1.0,V,121.56,1.0,['R'],A
IBM,2021-10-25 13:35:39.050419+00:00,V,132.0,1.0,V,127.04,1.0,['R'],A
IBM,2021-10-25 13:35:39.050474+00:00,V,132.0,1.0,V,127.04,1.0,['R'],A
IBM,2021-10-25 13:35:39.170089+00:00,V,132.0,1.0,V,127.05,1.0,['R'],A
IBM,2021-10-25 13:35:39.258389+00:00,V,132.0,1.0,V,127.05,1.0,['R'],A
IBM,2021-10-25 13:35:39.681501+00:00,V,132.0,1.0,V,127.05,3.0,['R'],A
IBM,2021-10-25 13:35:39.933867+00:00,V,132.0,1.0,V,127.05,1.0,['R'],A
IBM,2021-10-25 13:35:39.933998+00:00,V,132.0,1.0,V,121.56,1.0,['R'],A
IBM,2021-10-25 13:35:39.934062+00:00,V,127.11,2.0,V,121.56,1.0,['R'],A
IBM,2021-10-25 13:35:39.934132+00:00,V,127.11,2.0,V,121.56,1.0,['R'],A
IBM,2021-10-25 13:35:39.935246+00:00,V,127.11,2.0,V,127.05,1.0,['R'],A
IBM,2021-10-25 13:35:39.935305+00:00,V,127.11,2.0,V,121.56,1.0,['R'],A
IBM,2021-10-25 13:35:40.266638+00:00,V,127.11,2.0,V,127.05,1.0,['R'],A
IBM,2021-10-25 13:35:40.833949+00:00,V,127.11,2.0,V,127.05,1.0,['R'],A
IBM,2021-10-25 13:35:40.945966+00:00,V,127.11,2.0,V,121.56,1.0,['R'],A
IBM,2021-10-25 13:35:40.945986+00:00,V,127.11,2.0,V,121.56,1.0,['R'],A
IBM,2021-10-25 13:35:40.946442+00:00,V,132.0,1.0,V,121.56,1.0,['R'],A
IBM,2021-10-25 13:35:40.947665+00:00,V,127.11,2.0,V,121.56,1.0,['R'],A
IBM,2021-10-25 13:35:40.947725+00:00,V,132.0,1.0,V,121.56,1.0,['R'],A
IBM,2021-10-25 13:35:41.023435+00:00,V,132.0,1.0,V,127.02,1.0,['R'],A
IBM,2021-10-25 13:35:41.023776+00:00,V,132.0,1.0,V,127.02,1.0,['R'],A
IBM,2021-10-25 13:35:41.025360+00:00,V,132.0,1.0,V,121.56,1.0,['R'],A
IBM,2021-10-25 13:35:41.090626+00:00,V,132.0,1.0,V,121.56,1.0,['R'],A
IBM,2021-10-25 13:35:41.879874+00:00,V,132.0,1.0,V,121.56,1.0,['R'],A
IBM,2021-10-25 13:35:41.932385+00:00,V,132.0,1.0,V,121.56,1.0,['R'],A
IBM,2021-10-25 13:35:41.932550+00:00,V,127.1,1.0,V,121.56,1.0,['R'],A
IBM,2021-10-25 13:35:42.023977+00:00,V,127.1,1.0,V,127.02,2.0,['R'],A
IBM,2021-10-25 13:35:42.127995+00:00,V,127.1,1.0,V,127.02,2.0,['R'],A
IBM,2021-10-25 13:35:42.128481+00:00,V,127.1,1.0,V,127.02,2.0,['R'],A
IBM,2021-10-25 13:35:42.130060+00:00,V,127.1,2.0,V,127.02,2.0,['R'],A
IBM,2021-10-25 13:35:42.459830+00:00,V,127.1,1.0,V,127.02,2.0,['R'],A
IBM,2021-10-25 13:35:42.690769+00:00,V,127.1,1.0,V,127.01,2.0,['R'],A
IBM,2021-10-25 13:35:42.691641+00:00,V,127.1,1.0,V,121.56,1.0,['R'],A
IBM,2021-10-25 13:35:42.980750+00:00,V,127.1,1.0,V,121.56,1.0,['R'],A
IBM,2021-10-25 13:35:42.981065+00:00,V,132.0,1.0,V,121.56,1.0,['R'],A
IBM,2021-10-25 13:35:46.360566+00:00,V,132.0,1.0,V,127.05,1.0,['R'],A
IBM,2021-10-25 13:35:46.360611+00:00,V,132.0,1.0,V,121.56,1.0,['R'],A
IBM,2021-10-25 13:35:49.505406+00:00,V,132.0,1.0,V,127.06,1.0,['R'],A
IBM,2021-10-25 13:35:49.505462+00:00,V,132.0,1.0,V,127.06,3.0,['R'],A
IBM,2021-10-25 13:35:49.505547+00:00,V,132.0,1.0,V,127.07,1.0,['R'],A
IBM,2021-10-25 13:35:49.505632+00:00,V,132.0,1.0,V,127.07,3.0,['R'],A
IBM,2021-10-25 13:35:49.505883+00:00,V,132.0,1.0,V,127.07,4.0,['R'],A
IBM,2021-10-25 13:35:49.505893+00:00,V,132.0,1.0,V,127.07,3.0,['R'],A
IBM,2021-10-25 13:35:49.505903+00:00,V,132.0,1.0,V,127.07,5.0,['R'],A
IBM,2021-10-25 13:35:49.505923+00:00,V,132.0,1.0,V,127.07,3.0,['R'],A
IBM,2021-10-25 13:35:49.506048+00:00,V,132.0,1.0,V,127.07,4.0,['R'],A
IBM,2021-10-25 13:35:49.506068+00:00,V,132.0,1.0,V,127.07,3.0,['R'],A
IBM,2021-10-25 13:35:49.506083+00:00,V,132.0,1.0,V,127.07,5.0,['R'],A
IBM,2021-10-25 13:35:49.506098+00:00,V,132.0,1.0,V,127.07,3.0,['R'],A
IBM,2021-10-25 13:35:49.506118+00:00,V,132.0,1.0,V,127.07,4.0,['R'],A
IBM,2021-10-25 13:35:49.506153+00:00,V,132.0,1.0,V,127.07,3.0,['R'],A
IBM,2021-10-25 13:35:49.506414+00:00,V,132.0,1.0,V,127.07,5.0,['R'],A
IBM,2021-10-25 13:35:49.506429+00:00,V,132.0,1.0,V,127.07,3.0,['R'],A
IBM,2021-10-25 13:35:49.506604+00:00,V,127.17,1.0,V,127.07,3.0,['R'],A
IBM,2021-10-25 13:35:49.506660+00:00,V,132.0,1.0,V,127.07,3.0,['R'],A
IBM,2021-10-25 13:35:49.507351+00:00,V,132.0,1.0,V,127.07,1.0,['R'],A
IBM,2021-10-25 13:35:49.523850+00:00,V,132.0,1.0,V,121.56,1.0,['R'],A
IBM,2021-10-25 13:35:51.004386+00:00,V,127.16,2.0,V,121.56,1.0,['R'],A
IBM,2021-10-25 13:35:51.004672+00:00,V,132.0,1.0,V,121.56,1.0,['R'],A
IBM,2021-10-25 13:35:51.867736+00:00,V,132.0,1.0,V,127.09,1.0,['R'],A
IBM,2021-10-25 13:35:51.867796+00:00,V,132.0,1.0,V,127.09,3.0,['R'],A
IBM,2021-10-25 13:35:51.867981+00:00,V,132.0,1.0,V,127.11,1.0,['R'],A
IBM,2021-10-25 13:35:51.868041+00:00,V,132.0,1.0,V,127.11,3.0,['R'],A
IBM,2021-10-25 13:35:51.868187+00:00,V,132.0,1.0,V,127.13,1.0,['R'],A
IBM,2021-10-25 13:35:51.898408+00:00,V,132.0,1.0,V,127.11,2.0,['R'],A
IBM,2021-10-25 13:35:52.114423+00:00,V,132.0,1.0,V,121.56,1.0,['R'],A
IBM,2021-10-25 13:35:52.114899+00:00,V,132.0,1.0,V,127.1,1.0,['R'],A
IBM,2021-10-25 13:35:52.115535+00:00,V,132.0,1.0,V,127.1,3.0,['R'],A
IBM,2021-10-25 13:35:52.186705+00:00,V,127.17,1.0,V,127.1,3.0,['R'],A
IBM,2021-10-25 13:35:52.187737+00:00,V,132.0,1.0,V,127.1,3.0,['R'],A
IBM,2021-10-25 13:35:52.639542+00:00,V,132.0,1.0,V,127.1,2.0,['R'],A
IBM,2021-10-25 13:35:52.639563+00:00,V,132.0,1.0,V,121.56,1.0,['R'],A
IBM,2021-10-25 13:35:54.175023+00:00,V,127.15,2.0,V,121.56,1.0,['R'],A
IBM,2021-10-25 13:35:54.582909+00:00,V,132.0,1.0,V,121.56,1.0,['R'],A
IBM,2021-10-25 13:35:54.588036+00:00,V,132.0,1.0,V,121.56,1.0,['R'],A
IBM,2021-10-25 13:35:54.588106+00:00,V,132.0,1.0,V,121.56,1.0,['R'],A
IBM,2021-10-25 13:35:54.588582+00:00,V,132.0,1.0,V,121.56,1.0,['R'],A
IBM,2021-10-25 13:35:55.533763+00:00,V,132.0,1.0,V,121.56,1.0,['R'],A
IBM,2021-10-25 13:35:55.534229+00:00,V,132.0,1.0,V,121.56,1.0,['R'],A
IBM,2021-10-25 13:35:55.537622+00:00,V,132.0,1.0,V,127.06,2.0,['R'],A
IBM,2021-10-25 13:35:55.537682+00:00,V,132.0,1.0,V,121.56,1.0,['R'],A
IBM,2021-10-25 13:35:56.537759+00:00,V,132.0,1.0,V,127.06,2.0,['R'],A
IBM,2021-10-25 13:35:56.541282+00:00,V,132.0,1.0,V,127.05,2.0,['R'],A
IBM,2021-10-25 13:35:56.541793+00:00,V,132.0,1.0,V,127.05,2.0,['R'],A
IBM,2021-10-25 13:35:56.542074+00:00,V,132.0,1.0,V,121.56,1.0,['R'],A
IBM,2021-10-25 13:35:56.566678+00:00,V,127.12,1.0,V,121.56,1.0,['R'],A
IBM,2021-10-25 13:35:56.571935+00:00,V,132.0,1.0,V,121.56,1.0,['R'],A
IBM,2021-10-25 13:35:57.567024+00:00,V,127.13,1.0,V,121.56,1.0,['R'],A
IBM,2021-10-25 13:35:58.340945+00:00,V,132.0,1.0,V,121.56,1.0,['R'],A
IBM,2021-10-25 13:35:58.352618+00:00,V,132.0,1.0,V,127.09,1.0,['R'],A
IBM,2021-10-25 13:35:59.980184+00:00,V,132.0,1.0,V,121.56,1.0,['R'],A
IBM,2021-10-25 13:35:59.980450+00:00,V,127.13,1.0,V,121.56,1.0,['R'],A
IBM,2021-10-25 13:35:59.980805+00:00,V,132.0,1.0,V,121.56,1.0,['R'],A
IBM,2021-10-25 13:36:00.010761+00:00,V,127.12,1.0,V,121.56,1.0,['R'],A
IBM,2021-10-25 13:36:00.103016+00:00,V,132.0,1.0,V,121.56,1.0,['R'],A
IBM,2021-10-25 13:36:00.103037+00:00,V,132.0,1.0,V,121.56,1.0,['R'],A
